  <div class='ocr_page' id='page_1' title='image "/cluster/home/n/w/nwhite01/storage/ocr_20150623/105/hvd.32044021109350/653.png"; bbox 0 0 2000 3466; ppageno 0'>
   <div class='ocr_carea' id='block_1_1' title="bbox 244 206 312 235">
    <p class='ocr_par' dir='ltr' id='par_1_1' title="bbox 244 206 312 235">
     <span class='ocr_line' id='line_1_1' title="bbox 244 206 312 235; baseline -0.015 0"><span class='ocrx_word' id='word_1_1' title='bbox 244 207 254 235; x_wconf 83' lang='lat' dir='ltr'><strong>l</strong></span> <span class='ocrx_word' id='word_1_2' title='bbox 261 206 312 235; x_wconf 73' lang='lat'><strong>299</strong></span> 
     </span>
    </p>
   </div>
   <div class='ocr_carea' id='block_1_2' title="bbox 774 196 1368 230">
    <p class='ocr_par' dir='ltr' id='par_1_2' title="bbox 774 196 1368 230">
     <span class='ocr_line' id='line_1_2' title="bbox 774 196 1368 230; baseline -0.007 -1"><span class='ocrx_word' id='word_1_3' title='bbox 774 201 940 230; x_wconf 76' lang='lat' dir='ltr'><strong>AMALAIUI</strong></span> <span class='ocrx_word' id='word_1_4' title='bbox 958 199 1176 228; x_wconf 68' lang='lat' dir='ltr'><strong>PRESBYTER!</strong></span> <span class='ocrx_word' id='word_1_5' title='bbox 1197 196 1368 226; x_wconf 71' lang='lat' dir='ltr'><strong>METENSIS</strong></span> 
     </span>
    </p>
   </div>
   <div class='ocr_carea' id='block_1_3' title="bbox 243 257 1071 301">
    <p class='ocr_par' dir='ltr' id='par_1_3' title="bbox 243 257 1071 301">
     <span class='ocr_line' id='line_1_3' title="bbox 243 257 1071 301; baseline -0.006 -11"><span class='ocrx_word' id='word_1_6' title='bbox 243 263 362 301; x_wconf 72' lang='lat' dir='ltr'><strong>[Iudico</strong></span> <span class='ocrx_word' id='word_1_7' title='bbox 372 260 505 297; x_wconf 78' lang='lat' dir='ltr'><strong>judicium</strong></span> <span class='ocrx_word' id='word_1_8' title='bbox 519 268 603 287; x_wconf 79' lang='lat' dir='ltr'><strong>meum</strong></span> <span class='ocrx_word' id='word_1_9' title='bbox 614 259 640 295; x_wconf 93' lang='lat'><strong>,]</strong></span> <span class='ocrx_word' id='word_1_10' title='bbox 661 267 687 286; x_wconf 84' lang='lat' dir='ltr'><strong>et</strong></span> <span class='ocrx_word' id='word_1_11' title='bbox 709 259 806 286; x_wconf 97' lang='lat' dir='ltr'><strong>iterum</strong></span> <span class='ocrx_word' id='word_1_12' title='bbox 828 266 934 292; x_wconf 87' lang='lat' dir='ltr'><strong>nonus,</strong></span> <span class='ocrx_word' id='word_1_13' title='bbox 956 257 1030 295; x_wconf 82' lang='lat' dir='ltr'><strong>[Fac</strong></span> <span class='ocrx_word' id='word_1_14' title='bbox 1044 258 1071 288; x_wconf 78' lang='grc' dir='ltr'><strong>Α</strong></span> 
     </span>
    </p>
   </div>
   <div class='ocr_carea' id='block_1_4' title="bbox 241 305 1034 344">
    <p class='ocr_par' dir='ltr' id='par_1_4' title="bbox 241 305 1034 344">
     <span class='ocr_line' id='line_1_4' title="bbox 241 305 1034 344; baseline -0.006 -7"><span class='ocrx_word' id='word_1_15' title='bbox 241 317 302 338; x_wconf 84' lang='lat' dir='ltr'><strong>cum</strong></span> <span class='ocrx_word' id='word_1_16' title='bbox 318 317 390 337; x_wconf 72' lang='lat' dir='ltr'><strong>seruo</strong></span> <span class='ocrx_word' id='word_1_17' title='bbox 410 313 465 336; x_wconf 84' lang='lat' dir='ltr'><strong>tuo.</strong></span> <span class='ocrx_word' id='word_1_18' title='bbox 476 307 485 344; x_wconf 93' lang='lat'>]</span> <span class='ocrx_word' id='word_1_19' title='bbox 498 307 563 335; x_wconf 89' lang='lat' dir='ltr'><strong>Post</strong></span> <span class='ocrx_word' id='word_1_20' title='bbox 580 307 650 334; x_wconf 88' lang='lat' dir='ltr'><strong>hanc</strong></span> <span class='ocrx_word' id='word_1_21' title='bbox 667 305 885 340; x_wconf 77' lang='lat' dir='ltr'><strong>persecutionem</strong></span> <span class='ocrx_word' id='word_1_22' title='bbox 909 305 1034 340; x_wconf 90' lang='lat' dir='ltr'><strong>sequitur</strong></span> 
     </span>
    </p>
   </div>
   <div class='ocr_carea' id='block_1_5' title="bbox 242 351 1033 387">
    <p class='ocr_par' dir='ltr' id='par_1_5' title="bbox 242 351 1033 387">
     <span class='ocr_line' id='line_1_5' title="bbox 242 351 1033 387; baseline -0.006 -4"><span class='ocrx_word' id='word_1_23' title='bbox 242 355 369 383; x_wconf 88' lang='lat' dir='ltr'><strong>liberatio</strong></span> <span class='ocrx_word' id='word_1_24' title='bbox 390 353 507 381; x_wconf 83' lang='lat' dir='ltr'><strong>Domini.</strong></span> <span class='ocrx_word' id='word_1_25' title='bbox 531 353 584 380; x_wconf 88' lang='lat' dir='ltr'><strong>Pro</strong></span> <span class='ocrx_word' id='word_1_26' title='bbox 598 360 649 387; x_wconf 89' lang='lat' dir='ltr'><strong>qua</strong></span> <span class='ocrx_word' id='word_1_27' title='bbox 666 351 827 379; x_wconf 91' lang='lat' dir='ltr'><strong>liberatione</strong></span> <span class='ocrx_word' id='word_1_28' title='bbox 841 351 908 379; x_wconf 82' lang='lat' dir='ltr'><strong>dicit</strong></span> <span class='ocrx_word' id='word_1_29' title='bbox 920 358 1033 386; x_wconf 89' lang='lat' dir='ltr'><strong>respon-</strong></span> 
     </span>
    </p>
   </div>
   <div class='ocr_carea' id='block_1_6' title="bbox 242 400 1033 438">
    <p class='ocr_par' dir='ltr' id='par_1_6' title="bbox 242 400 1033 438">
     <span class='ocr_line' id='line_1_6' title="bbox 242 400 1033 438; baseline -0.01 -5"><span class='ocrx_word' id='word_1_30' title='bbox 242 405 331 433; x_wconf 85' lang='lat' dir='ltr'><strong>sorius</strong></span> <span class='ocrx_word' id='word_1_31' title='bbox 350 403 472 431; x_wconf 85' lang='lat' dir='ltr'><strong>decimus</strong></span> <span class='ocrx_word' id='word_1_32' title='bbox 486 409 492 429; x_wconf 94' lang='lat'>:</span> <span class='ocrx_word' id='word_1_33' title='bbox 517 401 632 438; x_wconf 82' lang='lat' dir='ltr'><strong>[Dicant</strong></span> <span class='ocrx_word' id='word_1_34' title='bbox 647 409 716 428; x_wconf 82' lang='lat' dir='ltr'><strong>nunc</strong></span> <span class='ocrx_word' id='word_1_35' title='bbox 730 400 775 436; x_wconf 88' lang='lat' dir='ltr'><strong>qui</strong></span> <span class='ocrx_word' id='word_1_36' title='bbox 789 400 915 435; x_wconf 79' lang='lat' dir='ltr'><strong>redempti</strong></span> <span class='ocrx_word' id='word_1_37' title='bbox 935 404 995 426; x_wconf 83' lang='lat' dir='ltr'><strong>sunt</strong></span> <span class='ocrx_word' id='word_1_38' title='bbox 1015 407 1033 425; x_wconf 88' lang='lat' dir='ltr'><strong>a</strong></span> 
     </span>
    </p>
   </div>
   <div class='ocr_carea' id='block_1_7' title="bbox 240 446 1033 486">
    <p class='ocr_par' dir='ltr' id='par_1_7' title="bbox 240 446 1033 486">
     <span class='ocr_line' id='line_1_7' title="bbox 240 446 1033 486; baseline -0.01 -7"><span class='ocrx_word' id='word_1_39' title='bbox 240 451 364 479; x_wconf 85' lang='lat' dir='ltr'><strong>Domino.</strong></span> <span class='ocrx_word' id='word_1_40' title='bbox 375 449 385 486; x_wconf 89' lang='lat'>]</span> <span class='ocrx_word' id='word_1_41' title='bbox 398 449 468 485; x_wconf 82' lang='lat' dir='ltr'><strong>Quid</strong></span> <span class='ocrx_word' id='word_1_42' title='bbox 481 448 599 476; x_wconf 76' lang='lat' dir='ltr'><strong>habeant</strong></span> <span class='ocrx_word' id='word_1_43' title='bbox 612 447 702 474; x_wconf 83' lang='lat' dir='ltr'><strong>dicere</strong></span> <span class='ocrx_word' id='word_1_44' title='bbox 715 446 875 474; x_wconf 83' lang='lat' dir='ltr'><strong>undecimus</strong></span> <span class='ocrx_word' id='word_1_45' title='bbox 889 452 1033 479; x_wconf 50' lang='lat' dir='ltr'><strong>responso-</strong></span> 
     </span>
    </p>
   </div>
   <div class='ocr_carea' id='block_1_8' title="bbox 242 490 1032 529">
    <p class='ocr_par' dir='ltr' id='par_1_8' title="bbox 242 490 1032 529">
     <span class='ocr_line' id='line_1_8' title="bbox 242 490 1032 529; baseline -0.01 -5"><span class='ocrx_word' id='word_1_46' title='bbox 242 497 298 524; x_wconf 81' lang='lat' dir='ltr'><strong>l‘lllS</strong></span> <span class='ocrx_word' id='word_1_47' title='bbox 319 494 497 523; x_wconf 85' lang='lat' dir='ltr'><strong>manifestat:</strong></span> <span class='ocrx_word' id='word_1_48' title='bbox 522 492 644 529; x_wconf 86' lang='lat' dir='ltr'><strong>[Bonum</strong></span> <span class='ocrx_word' id='word_1_49' title='bbox 666 496 702 519; x_wconf 85' lang='lat' dir='ltr'><strong>est</strong></span> <span class='ocrx_word' id='word_1_50' title='bbox 724 490 842 526; x_wconf 80' lang='lat' dir='ltr'><strong>conﬁteri</strong></span> <span class='ocrx_word' id='word_1_51' title='bbox 865 490 992 522; x_wconf 86' lang='lat' dir='ltr'><strong>Domino,</strong></span> <span class='ocrx_word' id='word_1_52' title='bbox 1008 494 1032 517; x_wconf 86' lang='lat' dir='ltr'><strong>et</strong></span> 
     </span>
    </p>
   </div>
   <div class='ocr_carea' id='block_1_9' title="bbox 240 537 1031 579">
    <p class='ocr_par' dir='ltr' id='par_1_9' title="bbox 240 537 1031 579">
     <span class='ocr_line' id='line_1_9' title="bbox 240 537 1031 579; baseline -0.01 -9"><span class='ocrx_word' id='word_1_53' title='bbox 240 541 382 579; x_wconf 83' lang='lat' dir='ltr'><strong>psallere.]</strong></span> <span class='ocrx_word' id='word_1_54' title='bbox 398 540 509 574; x_wconf 82' lang='lat' dir='ltr'><strong>Quare?</strong></span> <span class='ocrx_word' id='word_1_55' title='bbox 524 539 586 574; x_wconf 92' lang='lat' dir='ltr'><strong>quia</strong></span> <span class='ocrx_word' id='word_1_56' title='bbox 608 546 642 567; x_wconf 80' lang='lat' dir='ltr'><strong>ex</strong></span> <span class='ocrx_word' id='word_1_57' title='bbox 662 538 789 566; x_wconf 89' lang='lat' dir='ltr'><strong>omnibus</strong></span> <span class='ocrx_word' id='word_1_58' title='bbox 809 537 1031 564; x_wconf 75' lang='lat' dir='ltr'><strong>tribulationibus</strong></span> 
     </span>
    </p>
   </div>
   <div class='ocr_carea' id='block_1_10' title="bbox 242 584 1031 619">
    <p class='ocr_par' dir='ltr' id='par_1_10' title="bbox 242 584 1031 619">
     <span class='ocr_line' id='line_1_10' title="bbox 242 584 1031 619; baseline -0.009 -2"><span class='ocrx_word' id='word_1_59' title='bbox 242 589 344 617; x_wconf 89' lang='lat' dir='ltr'><strong>nostris</strong></span> <span class='ocrx_word' id='word_1_60' title='bbox 356 587 483 615; x_wconf 75' lang='lat' dir='ltr'><strong>liberavit.</strong></span> <span class='ocrx_word' id='word_1_61' title='bbox 495 594 544 614; x_wconf 91' lang='lat' dir='ltr'><strong>nos</strong></span> <span class='ocrx_word' id='word_1_62' title='bbox 555 585 694 613; x_wconf 88' lang='lat' dir='ltr'><strong>Dominus.</strong></span> <span class='ocrx_word' id='word_1_63' title='bbox 712 584 842 619; x_wconf 77' lang='lat' dir='ltr'><strong>Sequitur</strong></span> <span class='ocrx_word' id='word_1_64' title='bbox 855 584 1031 611; x_wconf 80' lang='lat' dir='ltr'><strong>duodecinius</strong></span> 
     </span>
    </p>
   </div>
   <div class='ocr_carea' id='block_1_11' title="bbox 242 630 1029 670">
    <p class='ocr_par' dir='ltr' id='par_1_11' title="bbox 242 630 1029 670">
     <span class='ocr_line' id='line_1_11' title="bbox 242 630 1029 670; baseline -0.009 -7"><span class='ocrx_word' id='word_1_65' title='bbox 242 634 444 670; x_wconf 86' lang='lat' dir='ltr'><strong>responsorius,</strong></span> <span class='ocrx_word' id='word_1_66' title='bbox 459 632 556 669; x_wconf 81' lang='lat' dir='ltr'><strong>[Deus,</strong></span> <span class='ocrx_word' id='word_1_67' title='bbox 571 632 702 659; x_wconf 81' lang='lat' dir='ltr'><strong>canticum</strong></span> <span class='ocrx_word' id='word_1_68' title='bbox 716 640 811 658; x_wconf 87' lang='lat' dir='ltr'><strong>novum</strong></span> <span class='ocrx_word' id='word_1_69' title='bbox 826 631 937 658; x_wconf 83' lang='lat' dir='ltr'><strong>cantabo</strong></span> <span class='ocrx_word' id='word_1_70' title='bbox 951 630 1029 666; x_wconf 83' lang='lat' dir='ltr'><strong>tibi.]</strong></span> 
     </span>
    </p>
   </div>
   <div class='ocr_carea' id='block_1_12' title="bbox 240 676 1028 715">
    <p class='ocr_par' dir='ltr' id='par_1_12' title="bbox 240 676 1028 715">
     <span class='ocr_line' id='line_1_12' title="bbox 240 676 1028 715; baseline -0.006 -7"><span class='ocrx_word' id='word_1_71' title='bbox 240 680 280 709; x_wconf 89' lang='lat' dir='ltr'><strong>De</strong></span> <span class='ocrx_word' id='word_1_72' title='bbox 300 687 352 715; x_wconf 91' lang='lat' dir='ltr'><strong>quo</strong></span> <span class='ocrx_word' id='word_1_73' title='bbox 370 679 547 707; x_wconf 87' lang='lat' dir='ltr'><strong>Cassiodorus</strong></span> <span class='ocrx_word' id='word_1_74' title='bbox 566 678 593 705; x_wconf 93' lang='lat' dir='ltr'><strong>in</strong></span> <span class='ocrx_word' id='word_1_75' title='bbox 612 681 729 705; x_wconf 85' lang='lat' dir='ltr'><strong>tractatu</strong></span> <span class='ocrx_word' id='word_1_76' title='bbox 745 677 845 705; x_wconf 88' lang='lat' dir='ltr'><strong>Psalmi</strong></span> <span class='ocrx_word' id='word_1_77' title='bbox 870 676 1028 704; x_wconf 78' lang='lat' dir='ltr'><strong>Benedictus</strong></span> 
     </span>
    </p>
   </div>
   <div class='ocr_carea' id='block_1_13' title="bbox 240 722 1031 757">
    <p class='ocr_par' dir='ltr' id='par_1_13' title="bbox 240 722 1031 757">
     <span class='ocr_line' id='line_1_13' title="bbox 240 722 1031 757; baseline -0.008 -3"><span class='ocrx_word' id='word_1_78' title='bbox 240 726 369 755; x_wconf 72' lang='lat' dir='ltr'><strong>Dominus</strong></span> <span class='ocrx_word' id='word_1_79' title='bbox 389 725 460 752; x_wconf 74' lang='lat' dir='ltr'><strong>Deus</strong></span> <span class='ocrx_word' id='word_1_80' title='bbox 481 733 569 756; x_wconf 84' lang='lat' dir='ltr'><strong>meus,</strong></span> <span class='ocrx_word' id='word_1_81' title='bbox 592 724 650 751; x_wconf 94' lang='lat' dir='ltr'><strong>ita:</strong></span> <span class='ocrx_word' id='word_1_82' title='bbox 665 723 761 755; x_wconf 83' lang='lat' dir='ltr'><strong>Venit,</strong></span> <span class='ocrx_word' id='word_1_83' title='bbox 783 722 888 757; x_wconf 87' lang='lat' dir='ltr'><strong>inquit,</strong></span> <span class='ocrx_word' id='word_1_84' title='bbox 904 722 937 749; x_wconf 90' lang='lat' dir='ltr'><strong>ad</strong></span> <span class='ocrx_word' id='word_1_85' title='bbox 958 722 1031 749; x_wconf 88' lang='lat' dir='ltr'><strong>ordi-</strong></span> 
     </span>
    </p>
   </div>
   <div class='ocr_carea' id='block_1_14' title="bbox 240 768 1029 805">
    <p class='ocr_par' dir='ltr' id='par_1_14' title="bbox 240 768 1029 805">
     <span class='ocr_line' id='line_1_14' title="bbox 240 768 1029 805; baseline -0.008 -4"><span class='ocrx_word' id='word_1_86' title='bbox 240 780 303 801; x_wconf 91' lang='lat' dir='ltr'><strong>nem</strong></span> <span class='ocrx_word' id='word_1_87' title='bbox 324 772 470 800; x_wconf 87' lang='lat' dir='ltr'><strong>secundum</strong></span> <span class='ocrx_word' id='word_1_88' title='bbox 490 770 518 798; x_wconf 93' lang='lat' dir='ltr'><strong>in</strong></span> <span class='ocrx_word' id='word_1_89' title='bbox 539 777 592 805; x_wconf 92' lang='lat' dir='ltr'><strong>quo</strong></span> <span class='ocrx_word' id='word_1_90' title='bbox 613 776 642 797; x_wconf 88' lang='lat' dir='ltr'><strong>se</strong></span> <span class='ocrx_word' id='word_1_91' title='bbox 661 773 722 804; x_wconf 88' lang='lat' dir='ltr'><strong>post</strong></span> <span class='ocrx_word' id='word_1_92' title='bbox 744 768 931 796; x_wconf 80' lang='lat' dir='ltr'><strong>liberationem</strong></span> <span class='ocrx_word' id='word_1_93' title='bbox 948 768 1029 803; x_wconf 84' lang='lat' dir='ltr'><strong>spiri-</strong></span> 
     </span>
    </p>
   </div>
   <div class='ocr_carea' id='block_1_15' title="bbox 240 814 1031 851">
    <p class='ocr_par' dir='ltr' id='par_1_15' title="bbox 240 814 1031 851">
     <span class='ocr_line' id='line_1_15' title="bbox 240 814 1031 851; baseline -0.006 -6"><span class='ocrx_word' id='word_1_94' title='bbox 240 817 354 845; x_wconf 88' lang='lat' dir='ltr'><strong>tualium</strong></span> <span class='ocrx_word' id='word_1_95' title='bbox 373 816 557 851; x_wconf 85' lang='lat' dir='ltr'><strong>nequitiarum</strong></span> <span class='ocrx_word' id='word_1_96' title='bbox 578 820 605 843; x_wconf 89' lang='lat' dir='ltr'><strong>et</strong></span> <span class='ocrx_word' id='word_1_97' title='bbox 627 815 786 842; x_wconf 84' lang='lat' dir='ltr'><strong>immanium</strong></span> <span class='ocrx_word' id='word_1_98' title='bbox 805 814 967 849; x_wconf 89' lang='lat' dir='ltr'><strong>populorum</strong></span> <span class='ocrx_word' id='word_1_99' title='bbox 981 821 1031 848; x_wconf 88' lang='lat' dir='ltr'><strong>per</strong></span> 
     </span>
    </p>
   </div>
   <div class='ocr_carea' id='block_1_16' title="bbox 239 860 1031 896">
    <p class='ocr_par' dir='ltr' id='par_1_16' title="bbox 239 860 1031 896">
     <span class='ocr_line' id='line_1_16' title="bbox 239 860 1031 896; baseline -0.004 -6"><span class='ocrx_word' id='word_1_100' title='bbox 239 870 340 891; x_wconf 86' lang='lat' dir='ltr'><strong>novum</strong></span> <span class='ocrx_word' id='word_1_101' title='bbox 361 863 496 890; x_wconf 79' lang='lat' dir='ltr'><strong>canticum</strong></span> <span class='ocrx_word' id='word_1_102' title='bbox 514 861 651 896; x_wconf 79' lang='lat' dir='ltr'><strong>Propheta</strong></span> <span class='ocrx_word' id='word_1_103' title='bbox 671 861 771 896; x_wconf 80' lang='lat' dir='ltr'><strong>gratias</strong></span> <span class='ocrx_word' id='word_1_104' title='bbox 791 868 871 896; x_wconf 81' lang='lat' dir='ltr'><strong>agere</strong></span> <span class='ocrx_word' id='word_1_105' title='bbox 885 861 940 888; x_wconf 93' lang='lat' dir='ltr'><strong>Deo</strong></span> <span class='ocrx_word' id='word_1_106' title='bbox 954 860 1031 895; x_wconf 90' lang='lat' dir='ltr'><strong>polli-</strong></span> 
     </span>
    </p>
   </div>
   <div class='ocr_carea' id='block_1_17' title="bbox 240 906 1029 941">
    <p class='ocr_par' dir='ltr' id='par_1_17' title="bbox 240 906 1029 941">
     <span class='ocr_line' id='line_1_17' title="bbox 240 906 1029 941; baseline -0.004 -5"><span class='ocrx_word' id='word_1_107' title='bbox 240 913 327 937; x_wconf 89' lang='lat' dir='ltr'><strong>cetur.</strong></span> <span class='ocrx_word' id='word_1_108' title='bbox 349 909 384 936; x_wconf 88' lang='lat' dir='ltr'><strong>Et</strong></span> <span class='ocrx_word' id='word_1_109' title='bbox 405 908 473 935; x_wconf 90' lang='lat' dir='ltr'><strong>infra</strong></span> <span class='ocrx_word' id='word_1_110' title='bbox 487 916 494 935; x_wconf 90' lang='lat'>:</span> <span class='ocrx_word' id='word_1_111' title='bbox 519 907 621 934; x_wconf 82' lang='lat' dir='ltr'><strong>Novum</strong></span> <span class='ocrx_word' id='word_1_112' title='bbox 636 907 709 934; x_wconf 90' lang='lat' dir='ltr'><strong>cnim</strong></span> <span class='ocrx_word' id='word_1_113' title='bbox 729 907 827 934; x_wconf 89' lang='lat' dir='ltr'><strong>merito</strong></span> <span class='ocrx_word' id='word_1_114' title='bbox 841 906 952 939; x_wconf 91' lang='lat' dir='ltr'><strong>dicitur,</strong></span> <span class='ocrx_word' id='word_1_115' title='bbox 965 906 1029 941; x_wconf 85' lang='lat' dir='ltr'><strong>quia</strong></span> 
     </span>
    </p>
   </div>
   <div class='ocr_carea' id='block_1_18' title="bbox 1816 193 1893 222">
    <p class='ocr_par' dir='ltr' id='par_1_18' title="bbox 1816 193 1893 222">
     <span class='ocr_line' id='line_1_18' title="bbox 1816 193 1893 222; baseline 0 0"><span class='ocrx_word' id='word_1_116' title='bbox 1816 193 1893 222; x_wconf 65' lang='lat'><strong>£500</strong></span> 
     </span>
    </p>
   </div>
   <div class='ocr_carea' id='block_1_19' title="bbox 1385 253 1575 283">
    <p class='ocr_par' dir='ltr' id='par_1_19' title="bbox 1385 253 1575 283">
     <span class='ocr_line' id='line_1_19' title="bbox 1385 253 1575 283; baseline -0.005 -1"><span class='ocrx_word' id='word_1_117' title='bbox 1385 254 1498 283; x_wconf 78' lang='lat' dir='ltr'><strong>CAPUT</strong></span> <span class='ocrx_word' id='word_1_118' title='bbox 1522 253 1575 283; x_wconf 72' lang='lat' dir='ltr'><strong>LV.</strong></span> 
     </span>
    </p>
   </div>
   <div class='ocr_carea' id='block_1_20' title="bbox 1261 301 1695 338">
    <p class='ocr_par' dir='ltr' id='par_1_20' title="bbox 1261 301 1695 338">
     <span class='ocr_line' id='line_1_20' title="bbox 1261 301 1695 338; baseline -0.009 -7"><span class='ocrx_word' id='word_1_119' title='bbox 1261 302 1299 331; x_wconf 90' lang='lat' dir='ltr'><strong>De</strong></span> <span class='ocrx_word' id='word_1_120' title='bbox 1322 301 1507 338; x_wconf 70' lang='lat' dir='ltr'><strong>festivitatibus</strong></span> <span class='ocrx_word' id='word_1_121' title='bbox 1531 304 1695 328; x_wconf 79' lang='lat' dir='ltr'><strong>sanctorum.</strong></span> 
     </span>
    </p>
   </div>
   <div class='ocr_carea' id='block_1_21' title="bbox 1117 356 1889 393">
    <p class='ocr_par' dir='ltr' id='par_1_21' title="bbox 1117 356 1889 393">
     <span class='ocr_line' id='line_1_21' title="bbox 1117 356 1889 393; baseline -0.004 -5"><span class='ocrx_word' id='word_1_122' title='bbox 1117 359 1209 388; x_wconf 73' lang='lat' dir='ltr'><strong>Officia</strong></span> <span class='ocrx_word' id='word_1_123' title='bbox 1235 365 1401 392; x_wconf 89' lang='lat' dir='ltr'><strong>sanctorum,</strong></span> <span class='ocrx_word' id='word_1_124' title='bbox 1434 366 1494 393; x_wconf 69' lang='lat' dir='ltr'><strong>qua:</strong></span> <span class='ocrx_word' id='word_1_125' title='bbox 1521 357 1695 386; x_wconf 85' lang='lat' dir='ltr'><strong>celebrantur</strong></span> <span class='ocrx_word' id='word_1_126' title='bbox 1721 356 1797 384; x_wconf 76' lang='lat' dir='ltr'><strong>inira</strong></span> <span class='ocrx_word' id='word_1_127' title='bbox 1825 356 1889 385; x_wconf 83' lang='lat' dir='ltr'><strong>dies</strong></span> 
     </span>
    </p>
   </div>
   <div class='ocr_carea' id='block_1_22' title="bbox 1082 403 1886 439">
    <p class='ocr_par' dir='ltr' id='par_1_22' title="bbox 1082 403 1886 439">
     <span class='ocr_line' id='line_1_22' title="bbox 1082 403 1886 439; baseline -0.006 -5"><span class='ocrx_word' id='word_1_128' title='bbox 1082 406 1265 438; x_wconf 87' lang='lat' dir='ltr'><strong>Pentecostes,</strong></span> <span class='ocrx_word' id='word_1_129' title='bbox 1279 407 1306 433; x_wconf 88' lang='lat' dir='ltr'><strong>in</strong></span> <span class='ocrx_word' id='word_1_130' title='bbox 1317 410 1411 433; x_wconf 88' lang='lat' dir='ltr'><strong>nostro</strong></span> <span class='ocrx_word' id='word_1_131' title='bbox 1420 404 1620 439; x_wconf 82' lang='lat' dir='ltr'><strong>Antiphonario</strong></span> <span class='ocrx_word' id='word_1_132' title='bbox 1630 403 1734 431; x_wconf 76' lang='lat' dir='ltr'><strong>inserui</strong></span> <span class='ocrx_word' id='word_1_133' title='bbox 1749 403 1803 430; x_wconf 55' lang='lat' dir='ltr'><strong>iuta</strong></span> <span class='ocrx_word' id='word_1_134' title='bbox 1811 411 1825 429; x_wconf 92' lang='lat' dir='ltr'><strong>r</strong></span> <span class='ocrx_word' id='word_1_135' title='bbox 1839 411 1886 429; x_wconf 83' lang='lat' dir='ltr'><strong>re—</strong></span> 
     </span>
    </p>
   </div>
   <div class='ocr_carea' id='block_1_23' title="bbox 1082 448 1886 488">
    <p class='ocr_par' dir='ltr' id='par_1_23' title="bbox 1082 448 1886 488">
     <span class='ocr_line' id='line_1_23' title="bbox 1082 448 1886 488; baseline -0.007 -8"><span class='ocrx_word' id='word_1_136' title='bbox 1082 453 1240 488; x_wconf 89' lang='lat' dir='ltr'><strong>sponsorios</strong></span> <span class='ocrx_word' id='word_1_137' title='bbox 1263 453 1297 480; x_wconf 88' lang='lat' dir='ltr'><strong>dc</strong></span> <span class='ocrx_word' id='word_1_138' title='bbox 1311 453 1481 483; x_wconf 84' lang='lat' dir='ltr'><strong>auctoritate,</strong></span> <span class='ocrx_word' id='word_1_139' title='bbox 1502 455 1530 479; x_wconf 88' lang='lat' dir='ltr'><strong>et</strong></span> <span class='ocrx_word' id='word_1_140' title='bbox 1551 450 1742 485; x_wconf 80' lang='lat' dir='ltr'><strong>responsorios</strong></span> <span class='ocrx_word' id='word_1_141' title='bbox 1753 448 1790 476; x_wconf 88' lang='lat' dir='ltr'><strong>de</strong></span> <span class='ocrx_word' id='word_1_142' title='bbox 1810 448 1886 475; x_wconf 76' lang='lat' dir='ltr'><strong>Psal-</strong></span> 
     </span>
    </p>
   </div>
   <div class='ocr_carea' id='block_1_24' title="bbox 1082 495 1885 533">
    <p class='ocr_par' dir='ltr' id='par_1_24' title="bbox 1082 495 1885 533">
     <span class='ocr_line' id='line_1_24' title="bbox 1082 495 1885 533; baseline -0.009 -6"><span class='ocrx_word' id='word_1_143' title='bbox 1082 500 1145 532; x_wconf 89' lang='lat' dir='ltr'><strong>mis,</strong></span> <span class='ocrx_word' id='word_1_144' title='bbox 1161 500 1194 527; x_wconf 89' lang='lat' dir='ltr'><strong>de</strong></span> <span class='ocrx_word' id='word_1_145' title='bbox 1208 499 1306 533; x_wconf 90' lang='lat' dir='ltr'><strong>quibus</strong></span> <span class='ocrx_word' id='word_1_146' title='bbox 1316 506 1389 526; x_wconf 89' lang='lat' dir='ltr'><strong>nunc</strong></span> <span class='ocrx_word' id='word_1_147' title='bbox 1403 497 1510 532; x_wconf 84' lang='lat' dir='ltr'><strong>scripsi.</strong></span> <span class='ocrx_word' id='word_1_148' title='bbox 1527 497 1634 524; x_wconf 79' lang='lat' dir='ltr'><strong>Etenim</strong></span> <span class='ocrx_word' id='word_1_149' title='bbox 1648 495 1740 530; x_wconf 87' lang='lat' dir='ltr'><strong>aliqua</strong></span> <span class='ocrx_word' id='word_1_150' title='bbox 1758 500 1885 529; x_wconf 75' lang='lat' dir='ltr'><strong>tenipnia</strong></span> 
     </span>
    </p>
   </div>
   <div class='ocr_carea' id='block_1_25' title="bbox 1082 542 1883 579">
    <p class='ocr_par' dir='ltr' id='par_1_25' title="bbox 1082 542 1883 579">
     <span class='ocr_line' id='line_1_25' title="bbox 1082 542 1883 579; baseline -0.009 -6"><span class='ocrx_word' id='word_1_151' title='bbox 1082 546 1137 579; x_wconf 93' lang='lat' dir='ltr'><strong>illa,</strong></span> <span class='ocrx_word' id='word_1_152' title='bbox 1163 546 1191 572; x_wconf 91' lang='lat' dir='ltr'><strong>in</strong></span> <span class='ocrx_word' id='word_1_153' title='bbox 1212 545 1311 579; x_wconf 87' lang='lat' dir='ltr'><strong>quibus</strong></span> <span class='ocrx_word' id='word_1_154' title='bbox 1330 544 1505 572; x_wconf 78' lang='lat' dir='ltr'><strong>celebrantur</strong></span> <span class='ocrx_word' id='word_1_155' title='bbox 1520 542 1683 570; x_wconf 75' lang='lat' dir='ltr'><strong>festivitates</strong></span> <span class='ocrx_word' id='word_1_156' title='bbox 1707 546 1883 571; x_wconf 79' lang='lat' dir='ltr'><strong>sanctorum,</strong></span> 
     </span>
    </p>
   </div>
   <div class='ocr_carea' id='block_1_26' title="bbox 1082 586 1884 626">
    <p class='ocr_par' dir='ltr' id='par_1_26' title="bbox 1082 586 1884 626">
     <span class='ocr_line' id='line_1_26' title="bbox 1082 586 1884 626; baseline -0.009 -7"><span class='ocrx_word' id='word_1_157' title='bbox 1082 592 1115 619; x_wconf 80' lang='lat' dir='ltr'><strong>de</strong></span> <span class='ocrx_word' id='word_1_158' title='bbox 1132 591 1230 626; x_wconf 82' lang='lat' dir='ltr'><strong>quibus</strong></span> <span class='ocrx_word' id='word_1_159' title='bbox 1242 598 1325 625; x_wconf 86' lang='lat' dir='ltr'><strong>supra</strong></span> <span class='ocrx_word' id='word_1_160' title='bbox 1337 589 1497 622; x_wconf 83' lang='lat' dir='ltr'><strong>memoravi,</strong></span> <span class='ocrx_word' id='word_1_161' title='bbox 1510 589 1603 617; x_wconf 73' lang='lat' dir='ltr'><strong>solem</strong></span> <span class='ocrx_word' id='word_1_162' title='bbox 1617 594 1778 619; x_wconf 80' lang='lat' dir='ltr'><strong>occurrere,</strong></span> <span class='ocrx_word' id='word_1_163' title='bbox 1791 586 1884 623; x_wconf 56' lang='lat' dir='ltr'><strong>prius-</strong></span> 
     </span>
    </p>
   </div>
   <div class='ocr_carea' id='block_1_27' title="bbox 1080 634 1683 672">
    <p class='ocr_par' dir='ltr' id='par_1_27' title="bbox 1080 634 1683 672">
     <span class='ocr_line' id='line_1_27' title="bbox 1080 634 1683 672; baseline -0.007 -7"><span class='ocrx_word' id='word_1_164' title='bbox 1080 645 1162 672; x_wconf 83' lang='lat' dir='ltr'><strong>quam</strong></span> <span class='ocrx_word' id='word_1_165' title='bbox 1173 641 1316 665; x_wconf 86' lang='lat' dir='ltr'><strong>cantentur</strong></span> <span class='ocrx_word' id='word_1_166' title='bbox 1332 635 1498 672; x_wconf 85' lang='lat' dir='ltr'><strong>responsorii</strong></span> <span class='ocrx_word' id='word_1_167' title='bbox 1513 635 1547 662; x_wconf 88' lang='lat' dir='ltr'><strong>de</strong></span> <span class='ocrx_word' id='word_1_168' title='bbox 1561 634 1683 670; x_wconf 75' lang='lat' dir='ltr'><strong>psalmis.</strong></span> 
     </span>
    </p>
   </div>
   <div class='ocr_carea' id='block_1_28' title="bbox 1377 700 1580 729">
    <p class='ocr_par' dir='ltr' id='par_1_28' title="bbox 1377 700 1580 729">
     <span class='ocr_line' id='line_1_28' title="bbox 1377 700 1580 729; baseline -0.005 0"><span class='ocrx_word' id='word_1_169' title='bbox 1377 701 1491 729; x_wconf 85' lang='lat' dir='ltr'><strong>CAPUT</strong></span> <span class='ocrx_word' id='word_1_170' title='bbox 1514 700 1580 728; x_wconf 70' lang='lat' dir='ltr'><strong>LVI.</strong></span> 
     </span>
    </p>
   </div>
   <div class='ocr_carea' id='block_1_29' title="bbox 1221 745 1738 784">
    <p class='ocr_par' dir='ltr' id='par_1_29' title="bbox 1221 745 1738 784">
     <span class='ocr_line' id='line_1_29' title="bbox 1221 745 1738 784; baseline -0.01 -7"><span class='ocrx_word' id='word_1_171' title='bbox 1221 748 1260 777; x_wconf 92' lang='lat' dir='ltr'><strong>De</strong></span> <span class='ocrx_word' id='word_1_172' title='bbox 1283 748 1377 784; x_wconf 73' lang='lat' dir='ltr'><strong>vigiliis</strong></span> <span class='ocrx_word' id='word_1_173' title='bbox 1394 748 1421 775; x_wconf 85' lang='lat' dir='ltr'><strong>in</strong></span> <span class='ocrx_word' id='word_1_174' title='bbox 1443 748 1600 775; x_wconf 74' lang='lat' dir='ltr'><strong>Ascensione</strong></span> <span class='ocrx_word' id='word_1_175' title='bbox 1618 745 1738 773; x_wconf 79' lang='lat' dir='ltr'><strong>Domini.</strong></span> 
     </span>
    </p>
   </div>
   <div class='ocr_carea' id='block_1_30' title="bbox 1116 803 1881 842">
    <p class='ocr_par' dir='ltr' id='par_1_30' title="bbox 1116 803 1881 842">
     <span class='ocr_line' id='line_1_30' title="bbox 1116 803 1881 842; baseline -0.005 -8"><span class='ocrx_word' id='word_1_176' title='bbox 1116 806 1313 842; x_wconf 80' lang='lat' dir='ltr'><strong>Responsorios</strong></span> <span class='ocrx_word' id='word_1_177' title='bbox 1335 806 1367 834; x_wconf 89' lang='lat' dir='ltr'><strong>de</strong></span> <span class='ocrx_word' id='word_1_178' title='bbox 1381 805 1548 833; x_wconf 80' lang='lat' dir='ltr'><strong>Ascensione</strong></span> <span class='ocrx_word' id='word_1_179' title='bbox 1561 804 1681 837; x_wconf 86' lang='lat' dir='ltr'><strong>Domini,</strong></span> <span class='ocrx_word' id='word_1_180' title='bbox 1696 803 1792 831; x_wconf 79' lang='lat' dir='ltr'><strong>notavi</strong></span> <span class='ocrx_word' id='word_1_181' title='bbox 1804 803 1881 837; x_wconf 13' lang='lat' dir='ltr'><strong>[iuxta</strong></span> 
     </span>
    </p>
   </div>
   <div class='ocr_carea' id='block_1_31' title="bbox 1081 849 1881 887">
    <p class='ocr_par' dir='ltr' id='par_1_31' title="bbox 1081 849 1881 887">
     <span class='ocr_line' id='line_1_31' title="bbox 1081 849 1881 887; baseline -0.005 -8"><span class='ocrx_word' id='word_1_182' title='bbox 1081 852 1153 880; x_wconf 87' lang='lat' dir='ltr'><strong>hanc</strong></span> <span class='ocrx_word' id='word_1_183' title='bbox 1166 851 1399 887; x_wconf 83' lang='lat' dir='ltr'><strong>consequentiam,</strong></span> <span class='ocrx_word' id='word_1_184' title='bbox 1414 859 1496 886; x_wconf 89' lang='lat' dir='ltr'><strong>quam</strong></span> <span class='ocrx_word' id='word_1_185' title='bbox 1512 854 1595 881; x_wconf 87' lang='lat' dir='ltr'><strong>tenet,</strong></span> <span class='ocrx_word' id='word_1_186' title='bbox 1612 854 1641 876; x_wconf 88' lang='lat' dir='ltr'><strong>ut</strong></span> <span class='ocrx_word' id='word_1_187' title='bbox 1656 849 1738 877; x_wconf 90' lang='lat' dir='ltr'><strong>nobis</strong></span> <span class='ocrx_word' id='word_1_188' title='bbox 1759 849 1881 881; x_wconf 83' lang='lat' dir='ltr'><strong>videtur,</strong></span> 
     </span>
    </p>
   </div>
   <div class='ocr_carea' id='block_1_32' title="bbox 1081 895 1880 933">
    <p class='ocr_par' dir='ltr' id='par_1_32' title="bbox 1081 895 1880 933">
     <span class='ocr_line' id='line_1_32' title="bbox 1081 895 1880 933; baseline -0.005 -8"><span class='ocrx_word' id='word_1_189' title='bbox 1081 898 1147 925; x_wconf 88' lang='lat' dir='ltr'><strong>ordo</strong></span> <span class='ocrx_word' id='word_1_190' title='bbox 1161 906 1251 925; x_wconf 91' lang='lat' dir='ltr'><strong>rerum</strong></span> <span class='ocrx_word' id='word_1_191' title='bbox 1263 902 1400 933; x_wconf 82' lang='lat' dir='ltr'><strong>gestarum</strong></span> <span class='ocrx_word' id='word_1_192' title='bbox 1422 896 1456 924; x_wconf 89' lang='lat' dir='ltr'><strong>de</strong></span> <span class='ocrx_word' id='word_1_193' title='bbox 1471 896 1566 924; x_wconf 90' lang='lat' dir='ltr'><strong>eadem</strong></span> <span class='ocrx_word' id='word_1_194' title='bbox 1580 895 1760 923; x_wconf 72' lang='lat' dir='ltr'><strong>Ascensione.</strong></span> <span class='ocrx_word' id='word_1_195' title='bbox 1782 895 1880 921; x_wconf 69' lang='lat' dir='ltr'><strong>Notavi</strong></span> 
     </span>
    </p>
   </div>
   <div class='ocr_carea' id='block_1_33' title="bbox 242 939 1030 988">
    <p class='ocr_par' dir='ltr' id='par_1_33' title="bbox 242 953 1030 988">
     <span class='ocr_line' id='line_1_33' title="bbox 242 953 1030 988; baseline -0.004 -6"><span class='ocrx_word' id='word_1_196' title='bbox 242 955 304 982; x_wconf 86' lang='lat' dir='ltr'><strong>dum</strong></span> <span class='ocrx_word' id='word_1_197' title='bbox 325 963 379 982; x_wconf 91' lang='lat' dir='ltr'><strong>non</strong></span> <span class='ocrx_word' id='word_1_198' title='bbox 402 955 437 982; x_wconf 90' lang='lat' dir='ltr'><strong>sit</strong></span> <span class='ocrx_word' id='word_1_199' title='bbox 456 963 472 981; x_wconf 87' lang='lat' dir='ltr'><strong>a</strong></span> <span class='ocrx_word' id='word_1_200' title='bbox 491 953 591 981; x_wconf 67' lang='lat' dir='ltr'><strong>Judmis</strong></span> <span class='ocrx_word' id='word_1_201' title='bbox 610 958 753 987; x_wconf 87' lang='lat' dir='ltr'><strong>receptus,</strong></span> <span class='ocrx_word' id='word_1_202' title='bbox 768 953 866 987; x_wconf 89' lang='lat' dir='ltr'><strong>quibus</strong></span> <span class='ocrx_word' id='word_1_203' title='bbox 879 953 1030 988; x_wconf 90' lang='lat' dir='ltr'><strong>promissus</strong></span> 
     </span>
    </p>
   </div>
   <div class='ocr_carea' id='block_1_34' title="bbox 1083 939 1882 988">
    <p class='ocr_par' dir='ltr' id='par_1_34' title="bbox 1083 941 1882 979">
     <span class='ocr_line' id='line_1_34' title="bbox 1083 941 1882 979; baseline -0.005 -8"><span class='ocrx_word' id='word_1_204' title='bbox 1083 944 1109 971; x_wconf 92' lang='lat' dir='ltr'><strong>in</strong></span> <span class='ocrx_word' id='word_1_205' title='bbox 1119 944 1255 979; x_wconf 79' lang='lat' dir='ltr'><strong>principio</strong></span> <span class='ocrx_word' id='word_1_206' title='bbox 1270 944 1329 971; x_wconf 91' lang='lat' dir='ltr'><strong>illos</strong></span> <span class='ocrx_word' id='word_1_207' title='bbox 1351 943 1397 978; x_wconf 87' lang='lat' dir='ltr'><strong>qui</strong></span> <span class='ocrx_word' id='word_1_208' title='bbox 1424 943 1564 970; x_wconf 87' lang='lat' dir='ltr'><strong>continent</strong></span> <span class='ocrx_word' id='word_1_209' title='bbox 1577 942 1725 977; x_wconf 80' lang='lat' dir='ltr'><strong>quamdam</strong></span> <span class='ocrx_word' id='word_1_210' title='bbox 1748 941 1882 976; x_wconf 71' lang='lat' dir='ltr'><strong>pneloeu-</strong></span> 
     </span>
    </p>
   </div>
   <div class='ocr_carea' id='block_1_35' title="bbox 243 998 1030 1033">
    <p class='ocr_par' dir='ltr' id='par_1_35' title="bbox 243 998 1030 1033">
     <span class='ocr_line' id='line_1_35' title="bbox 243 998 1030 1033; baseline -0.003 -5"><span class='ocrx_word' id='word_1_211' title='bbox 243 1000 332 1028; x_wconf 81' lang='lat' dir='ltr'><strong>fuerat</strong></span> <span class='ocrx_word' id='word_1_212' title='bbox 346 1004 375 1027; x_wconf 93' lang='lat' dir='ltr'><strong>ut</strong></span> <span class='ocrx_word' id='word_1_213' title='bbox 387 1000 506 1033; x_wconf 81' lang='lat' dir='ltr'><strong>veniret,</strong></span> <span class='ocrx_word' id='word_1_214' title='bbox 523 999 650 1026; x_wconf 80' lang='lat' dir='ltr'><strong>transivit</strong></span> <span class='ocrx_word' id='word_1_215' title='bbox 668 999 702 1026; x_wconf 85' lang='lat' dir='ltr'><strong>ad</strong></span> <span class='ocrx_word' id='word_1_216' title='bbox 721 1003 824 1033; x_wconf 82' lang='lat' dir='ltr'><strong>gentes.</strong></span> <span class='ocrx_word' id='word_1_217' title='bbox 843 998 987 1033; x_wconf 84' lang='lat' dir='ltr'><strong>Sequitur:</strong></span> <span class='ocrx_word' id='word_1_218' title='bbox 1001 999 1030 1026; x_wconf 88' lang='lat' dir='ltr'><strong>In</strong></span> 
     </span>
    </p>
   </div>
   <div class='ocr_carea' id='block_1_36' title="bbox 239 1044 1028 1082">
    <p class='ocr_par' dir='ltr' id='par_1_36' title="bbox 239 1044 1028 1082">
     <span class='ocr_line' id='line_1_36' title="bbox 239 1044 1028 1082; baseline -0.001 -9"><span class='ocrx_word' id='word_1_219' title='bbox 239 1046 364 1082; x_wconf 75' lang='lat' dir='ltr'><strong>psalterio</strong></span> <span class='ocrx_word' id='word_1_220' title='bbox 386 1046 473 1072; x_wconf 82' lang='lat' dir='ltr'><strong>decem</strong></span> <span class='ocrx_word' id='word_1_221' title='bbox 492 1045 650 1071; x_wconf 79' lang='lat' dir='ltr'><strong>chordarum</strong></span> <span class='ocrx_word' id='word_1_222' title='bbox 674 1044 785 1079; x_wconf 80' lang='lat' dir='ltr'><strong>psallam</strong></span> <span class='ocrx_word' id='word_1_223' title='bbox 803 1044 858 1071; x_wconf 81' lang='lat' dir='ltr'><strong>tibi.</strong></span> <span class='ocrx_word' id='word_1_224' title='bbox 884 1044 918 1071; x_wconf 85' lang='lat' dir='ltr'><strong>Et</strong></span> <span class='ocrx_word' id='word_1_225' title='bbox 939 1044 1028 1072; x_wconf 87' lang='lat' dir='ltr'><strong>infra:</strong></span> 
     </span>
    </p>
   </div>
   <div class='ocr_carea' id='block_1_37' title="bbox 240 1091 1030 1127">
    <p class='ocr_par' dir='ltr' id='par_1_37' title="bbox 240 1091 1030 1127">
     <span class='ocr_line' id='line_1_37' title="bbox 240 1091 1030 1127; baseline 0 -8"><span class='ocrx_word' id='word_1_226' title='bbox 240 1092 404 1120; x_wconf 85' lang='lat' dir='ltr'><strong>Psalterium</strong></span> <span class='ocrx_word' id='word_1_227' title='bbox 427 1092 519 1118; x_wconf 81' lang='lat' dir='ltr'><strong>decem</strong></span> <span class='ocrx_word' id='word_1_228' title='bbox 545 1091 707 1118; x_wconf 86' lang='lat' dir='ltr'><strong>chordarum</strong></span> <span class='ocrx_word' id='word_1_229' title='bbox 730 1096 771 1119; x_wconf 88' lang='lat' dir='ltr'><strong>est</strong></span> <span class='ocrx_word' id='word_1_230' title='bbox 794 1091 958 1127; x_wconf 81' lang='lat' dir='ltr'><strong>decalogus,</strong></span> <span class='ocrx_word' id='word_1_231' title='bbox 984 1092 1030 1127; x_wconf 91' lang='lat' dir='ltr'><strong>qui</strong></span> 
     </span>
    </p>
   </div>
   <div class='ocr_carea' id='block_1_38' title="bbox 241 1136 1033 1166">
    <p class='ocr_par' dir='ltr' id='par_1_38' title="bbox 241 1136 1033 1166">
     <span class='ocr_line' id='line_1_38' title="bbox 241 1136 1033 1166; baseline 0.003 -2"><span class='ocrx_word' id='word_1_232' title='bbox 241 1138 321 1165; x_wconf 90' lang='lat' dir='ltr'><strong>datus</strong></span> <span class='ocrx_word' id='word_1_233' title='bbox 341 1142 383 1164; x_wconf 87' lang='lat' dir='ltr'><strong>est</strong></span> <span class='ocrx_word' id='word_1_234' title='bbox 402 1137 525 1164; x_wconf 80' lang='lat' dir='ltr'><strong>tribubus</strong></span> <span class='ocrx_word' id='word_1_235' title='bbox 547 1136 733 1164; x_wconf 72' lang='lat' dir='ltr'><strong>liebrzeorum.</strong></span> <span class='ocrx_word' id='word_1_236' title='bbox 754 1137 787 1164; x_wconf 79' lang='lat' dir='ltr'><strong>Et</strong></span> <span class='ocrx_word' id='word_1_237' title='bbox 801 1142 830 1164; x_wconf 90' lang='lat' dir='ltr'><strong>ut</strong></span> <span class='ocrx_word' id='word_1_238' title='bbox 844 1139 923 1165; x_wconf 87' lang='lat' dir='ltr'><strong>ambo</strong></span> <span class='ocrx_word' id='word_1_239' title='bbox 938 1138 1033 1166; x_wconf 82' lang='lat' dir='ltr'><strong>Testa-</strong></span> 
     </span>
    </p>
   </div>
   <div class='ocr_carea' id='block_1_39' title="bbox 238 1181 1032 1215">
    <p class='ocr_par' dir='ltr' id='par_1_39' title="bbox 238 1181 1032 1215">
     <span class='ocr_line' id='line_1_39' title="bbox 238 1181 1032 1215; baseline 0 -5"><span class='ocrx_word' id='word_1_240' title='bbox 238 1188 330 1210; x_wconf 91' lang='lat' dir='ltr'><strong>menta</strong></span> <span class='ocrx_word' id='word_1_241' title='bbox 341 1190 424 1209; x_wconf 92' lang='lat' dir='ltr'><strong>unum</strong></span> <span class='ocrx_word' id='word_1_242' title='bbox 436 1182 536 1209; x_wconf 90' lang='lat' dir='ltr'><strong>habere</strong></span> <span class='ocrx_word' id='word_1_243' title='bbox 547 1181 734 1208; x_wconf 73' lang='lat' dir='ltr'><strong>manifestaret</strong></span> <span class='ocrx_word' id='word_1_244' title='bbox 746 1186 899 1215; x_wconf 89' lang='lat' dir='ltr'><strong>auctorem,</strong></span> <span class='ocrx_word' id='word_1_245' title='bbox 913 1183 940 1209; x_wconf 90' lang='lat' dir='ltr'><strong>in</strong></span> <span class='ocrx_word' id='word_1_246' title='bbox 953 1183 1032 1210; x_wconf 90' lang='lat' dir='ltr'><strong>utris-</strong></span> 
     </span>
    </p>
   </div>
   <div class='ocr_carea' id='block_1_40' title="bbox 240 1227 1031 1264">
    <p class='ocr_par' dir='ltr' id='par_1_40' title="bbox 240 1227 1031 1264">
     <span class='ocr_line' id='line_1_40' title="bbox 240 1227 1031 1264; baseline 0 -8"><span class='ocrx_word' id='word_1_247' title='bbox 240 1236 292 1264; x_wconf 88' lang='lat' dir='ltr'><strong>que</strong></span> <span class='ocrx_word' id='word_1_248' title='bbox 305 1235 333 1255; x_wconf 92' lang='lat' dir='ltr'><strong>se</strong></span> <span class='ocrx_word' id='word_1_249' title='bbox 346 1228 455 1255; x_wconf 88' lang='lat' dir='ltr'><strong>Christo</strong></span> <span class='ocrx_word' id='word_1_250' title='bbox 476 1227 590 1254; x_wconf 88' lang='lat' dir='ltr'><strong>Domino</strong></span> <span class='ocrx_word' id='word_1_251' title='bbox 610 1227 726 1262; x_wconf 86' lang='lat' dir='ltr'><strong>psallere</strong></span> <span class='ocrx_word' id='word_1_252' title='bbox 745 1227 940 1262; x_wconf 85' lang='lat' dir='ltr'><strong>compromisit.</strong></span> <span class='ocrx_word' id='word_1_253' title='bbox 959 1227 1031 1256; x_wconf 67' lang='lat' dir='ltr'><strong>Prat-</strong></span> 
     </span>
    </p>
   </div>
   <div class='ocr_carea' id='block_1_41' title="bbox 239 1273 1032 1308">
    <p class='ocr_par' dir='ltr' id='par_1_41' title="bbox 239 1273 1032 1308">
     <span class='ocr_line' id='line_1_41' title="bbox 239 1273 1032 1308; baseline 0.001 -7"><span class='ocrx_word' id='word_1_254' title='bbox 239 1281 302 1302; x_wconf 89' lang='lat' dir='ltr'><strong>sens</strong></span> <span class='ocrx_word' id='word_1_255' title='bbox 320 1273 441 1300; x_wconf 86' lang='lat' dir='ltr'><strong>Ecclesia</strong></span> <span class='ocrx_word' id='word_1_256' title='bbox 463 1281 516 1300; x_wconf 93' lang='lat' dir='ltr'><strong>non</strong></span> <span class='ocrx_word' id='word_1_257' title='bbox 535 1277 577 1300; x_wconf 88' lang='lat' dir='ltr'><strong>est</strong></span> <span class='ocrx_word' id='word_1_258' title='bbox 598 1277 724 1300; x_wconf 72' lang='lat' dir='ltr'><strong>contenta</strong></span> <span class='ocrx_word' id='word_1_259' title='bbox 734 1294 741 1306; x_wconf 95' lang='lat'><strong>,</strong></span> <span class='ocrx_word' id='word_1_260' title='bbox 756 1278 783 1301; x_wconf 91' lang='lat' dir='ltr'><strong>ut</strong></span> <span class='ocrx_word' id='word_1_261' title='bbox 797 1274 854 1308; x_wconf 84' lang='lat' dir='ltr'><strong>ipsa</strong></span> <span class='ocrx_word' id='word_1_262' title='bbox 868 1274 924 1301; x_wconf 91' lang='lat' dir='ltr'><strong>sola</strong></span> <span class='ocrx_word' id='word_1_263' title='bbox 940 1279 1032 1302; x_wconf 83' lang='lat' dir='ltr'><strong>cantet</strong></span> 
     </span>
    </p>
   </div>
   <div class='ocr_carea' id='block_1_42' title="bbox 238 1318 1031 1356">
    <p class='ocr_par' dir='ltr' id='par_1_42' title="bbox 238 1318 1031 1356">
     <span class='ocr_line' id='line_1_42' title="bbox 238 1318 1031 1356; baseline 0.003 -9"><span class='ocrx_word' id='word_1_264' title='bbox 238 1319 317 1352; x_wconf 91' lang='lat' dir='ltr'><strong>Deo;</strong></span> <span class='ocrx_word' id='word_1_265' title='bbox 340 1318 442 1346; x_wconf 90' lang='lat' dir='ltr'><strong>mavult</strong></span> <span class='ocrx_word' id='word_1_266' title='bbox 463 1318 601 1354; x_wconf 74' lang='lat' dir='ltr'><strong>divulgare</strong></span> <span class='ocrx_word' id='word_1_267' title='bbox 623 1327 720 1346; x_wconf 86' lang='lat' dir='ltr'><strong>nomen</strong></span> <span class='ocrx_word' id='word_1_268' title='bbox 741 1319 799 1353; x_wconf 85' lang='lat' dir='ltr'><strong>ejus</strong></span> <span class='ocrx_word' id='word_1_269' title='bbox 820 1324 876 1348; x_wconf 91' lang='lat' dir='ltr'><strong>toto</strong></span> <span class='ocrx_word' id='word_1_270' title='bbox 895 1321 961 1348; x_wconf 89' lang='lat' dir='ltr'><strong>orbe</strong></span> <span class='ocrx_word' id='word_1_271' title='bbox 982 1329 1031 1356; x_wconf 86' lang='lat' dir='ltr'><strong>per</strong></span> 
     </span>
    </p>
   </div>
   <div class='ocr_carea' id='block_1_43' title="bbox 238 1364 1029 1402">
    <p class='ocr_par' dir='ltr' id='par_1_43' title="bbox 238 1364 1029 1402">
     <span class='ocr_line' id='line_1_43' title="bbox 238 1364 1029 1402; baseline 0.001 -9"><span class='ocrx_word' id='word_1_272' title='bbox 238 1365 442 1401; x_wconf 86' lang='lat' dir='ltr'><strong>responsorium</strong></span> <span class='ocrx_word' id='word_1_273' title='bbox 465 1364 574 1392; x_wconf 87' lang='lat' dir='ltr'><strong>tertium</strong></span> <span class='ocrx_word' id='word_1_274' title='bbox 599 1365 748 1397; x_wconf 88' lang='lat' dir='ltr'><strong>decimum,</strong></span> <span class='ocrx_word' id='word_1_275' title='bbox 771 1365 914 1402; x_wconf 82' lang='lat' dir='ltr'><strong>[Narrabo</strong></span> <span class='ocrx_word' id='word_1_276' title='bbox 937 1375 1029 1394; x_wconf 84' lang='lat' dir='ltr'><strong>nomen</strong></span> 
     </span>
    </p>
   </div>
   <div class='ocr_carea' id='block_1_44' title="bbox 238 1411 1032 1448">
    <p class='ocr_par' dir='ltr' id='par_1_44' title="bbox 238 1411 1032 1448">
     <span class='ocr_line' id='line_1_44' title="bbox 238 1411 1032 1448; baseline 0.004 -10"><span class='ocrx_word' id='word_1_277' title='bbox 238 1417 312 1439; x_wconf 83' lang='lat' dir='ltr'><strong>tuum</strong></span> <span class='ocrx_word' id='word_1_278' title='bbox 327 1411 453 1447; x_wconf 74' lang='lat' dir='ltr'><strong>fratribus</strong></span> <span class='ocrx_word' id='word_1_279' title='bbox 466 1411 560 1448; x_wconf 85' lang='lat' dir='ltr'><strong>meis.]</strong></span> <span class='ocrx_word' id='word_1_280' title='bbox 574 1411 643 1445; x_wconf 88' lang='lat' dir='ltr'><strong>Quid</strong></span> <span class='ocrx_word' id='word_1_281' title='bbox 657 1411 728 1439; x_wconf 84' lang='lat' dir='ltr'><strong>dicat</strong></span> <span class='ocrx_word' id='word_1_282' title='bbox 740 1412 870 1441; x_wconf 82' lang='lat' dir='ltr'><strong>fratribus</strong></span> <span class='ocrx_word' id='word_1_283' title='bbox 881 1413 938 1441; x_wconf 89' lang='lat' dir='ltr'><strong>suis</strong></span> <span class='ocrx_word' id='word_1_284' title='bbox 953 1421 1032 1448; x_wconf 84' lang='lat' dir='ltr'><strong>quar-</strong></span> 
     </span>
    </p>
   </div>
   <div class='ocr_carea' id='block_1_45' title="bbox 238 1459 1031 1496">
    <p class='ocr_par' dir='ltr' id='par_1_45' title="bbox 238 1459 1031 1496">
     <span class='ocr_line' id='line_1_45' title="bbox 238 1459 1031 1496; baseline 0.001 -9"><span class='ocrx_word' id='word_1_285' title='bbox 238 1464 282 1488; x_wconf 86' lang='lat' dir='ltr'><strong>tus</strong></span> <span class='ocrx_word' id='word_1_286' title='bbox 295 1460 416 1487; x_wconf 88' lang='lat' dir='ltr'><strong>decimus</strong></span> <span class='ocrx_word' id='word_1_287' title='bbox 429 1459 619 1495; x_wconf 88' lang='lat' dir='ltr'><strong>responsorius</strong></span> <span class='ocrx_word' id='word_1_288' title='bbox 630 1464 783 1493; x_wconf 82' lang='lat' dir='ltr'><strong>monstrat,</strong></span> <span class='ocrx_word' id='word_1_289' title='bbox 796 1459 889 1488; x_wconf 86' lang='lat' dir='ltr'><strong>dicens</strong></span> <span class='ocrx_word' id='word_1_290' title='bbox 903 1470 909 1487; x_wconf 88' lang='lat'>:</span> <span class='ocrx_word' id='word_1_291' title='bbox 926 1459 979 1496; x_wconf 84' lang='lat' dir='ltr'><strong>[In</strong></span> <span class='ocrx_word' id='word_1_292' title='bbox 992 1469 1031 1488; x_wconf 83' lang='lat' dir='ltr'><strong>ec-</strong></span> 
     </span>
    </p>
   </div>
   <div class='ocr_carea' id='block_1_46' title="bbox 239 1505 1031 1542">
    <p class='ocr_par' dir='ltr' id='par_1_46' title="bbox 239 1505 1031 1542">
     <span class='ocr_line' id='line_1_46' title="bbox 239 1505 1031 1542; baseline 0 -9"><span class='ocrx_word' id='word_1_293' title='bbox 239 1507 324 1534; x_wconf 78' lang='lat' dir='ltr'><strong>clesiis</strong></span> <span class='ocrx_word' id='word_1_294' title='bbox 338 1506 479 1534; x_wconf 80' lang='lat' dir='ltr'><strong>benedicite</strong></span> <span class='ocrx_word' id='word_1_295' title='bbox 494 1505 666 1542; x_wconf 69' lang='lat' dir='ltr'><strong>Dominum]</strong></span> <span class='ocrx_word' id='word_1_296' title='bbox 686 1506 715 1533; x_wconf 88' lang='lat' dir='ltr'><strong>In</strong></span> <span class='ocrx_word' id='word_1_297' title='bbox 736 1506 788 1534; x_wconf 86' lang='lat' dir='ltr'><strong>isto</strong></span> <span class='ocrx_word' id='word_1_298' title='bbox 803 1506 975 1541; x_wconf 84' lang='lat' dir='ltr'><strong>responsorio</strong></span> <span class='ocrx_word' id='word_1_299' title='bbox 988 1514 1031 1534; x_wconf 84' lang='lat' dir='ltr'><strong>se-</strong></span> 
     </span>
    </p>
   </div>
   <div class='ocr_carea' id='block_1_47' title="bbox 238 1551 1031 1587">
    <p class='ocr_par' dir='ltr' id='par_1_47' title="bbox 238 1551 1031 1587">
     <span class='ocr_line' id='line_1_47' title="bbox 238 1551 1031 1587; baseline -0.001 -8"><span class='ocrx_word' id='word_1_300' title='bbox 238 1556 319 1587; x_wconf 87' lang='lat' dir='ltr'><strong>parat</strong></span> <span class='ocrx_word' id='word_1_301' title='bbox 333 1551 425 1579; x_wconf 85' lang='lat' dir='ltr'><strong>tideles</strong></span> <span class='ocrx_word' id='word_1_302' title='bbox 439 1560 454 1578; x_wconf 92' lang='lat' dir='ltr'><strong>a</strong></span> <span class='ocrx_word' id='word_1_303' title='bbox 468 1551 663 1579; x_wconf 89' lang='lat' dir='ltr'><strong>conventiculis</strong></span> <span class='ocrx_word' id='word_1_304' title='bbox 677 1552 867 1579; x_wconf 65' lang='lat' dir='ltr'><strong>haereticorum</strong></span> <span class='ocrx_word' id='word_1_305' title='bbox 889 1555 915 1579; x_wconf 88' lang='lat' dir='ltr'><strong>et</strong></span> <span class='ocrx_word' id='word_1_306' title='bbox 935 1559 1031 1586; x_wconf 91' lang='lat' dir='ltr'><strong>pravo-</strong></span> 
     </span>
    </p>
   </div>
   <div class='ocr_carea' id='block_1_48' title="bbox 239 1597 1030 1632">
    <p class='ocr_par' dir='ltr' id='par_1_48' title="bbox 239 1597 1030 1632">
     <span class='ocr_line' id='line_1_48' title="bbox 239 1597 1030 1632; baseline -0.001 -7"><span class='ocrx_word' id='word_1_307' title='bbox 239 1606 300 1625; x_wconf 86' lang='lat' dir='ltr'><strong>rum</strong></span> <span class='ocrx_word' id='word_1_308' title='bbox 310 1618 317 1630; x_wconf 89' lang='lat'><strong>,</strong></span> <span class='ocrx_word' id='word_1_309' title='bbox 332 1604 363 1625; x_wconf 92' lang='lat' dir='ltr'><strong>ac</strong></span> <span class='ocrx_word' id='word_1_310' title='bbox 376 1601 455 1631; x_wconf 80' lang='lat' dir='ltr'><strong>rogat</strong></span> <span class='ocrx_word' id='word_1_311' title='bbox 468 1597 552 1624; x_wconf 93' lang='lat' dir='ltr'><strong>Deum</strong></span> <span class='ocrx_word' id='word_1_312' title='bbox 567 1597 678 1625; x_wconf 82' lang='lat' dir='ltr'><strong>laudare</strong></span> <span class='ocrx_word' id='word_1_313' title='bbox 692 1597 720 1624; x_wconf 93' lang='lat' dir='ltr'><strong>in</strong></span> <span class='ocrx_word' id='word_1_314' title='bbox 733 1597 873 1630; x_wconf 87' lang='lat' dir='ltr'><strong>ecclesiis,</strong></span> <span class='ocrx_word' id='word_1_315' title='bbox 889 1597 916 1624; x_wconf 93' lang='lat' dir='ltr'><strong>in</strong></span> <span class='ocrx_word' id='word_1_316' title='bbox 932 1598 1030 1632; x_wconf 91' lang='lat' dir='ltr'><strong>quibus</strong></span> 
     </span>
    </p>
   </div>
   <div class='ocr_carea' id='block_1_49' title="bbox 238 1643 1031 1679">
    <p class='ocr_par' dir='ltr' id='par_1_49' title="bbox 238 1643 1031 1679">
     <span class='ocr_line' id='line_1_49' title="bbox 238 1643 1031 1679; baseline 0.001 -8"><span class='ocrx_word' id='word_1_317' title='bbox 238 1651 292 1671; x_wconf 87' lang='lat' dir='ltr'><strong>una</strong></span> <span class='ocrx_word' id='word_1_318' title='bbox 315 1643 382 1672; x_wconf 84' lang='lat' dir='ltr'><strong>ﬁdes</strong></span> <span class='ocrx_word' id='word_1_319' title='bbox 402 1649 444 1672; x_wconf 87' lang='lat' dir='ltr'><strong>est</strong></span> <span class='ocrx_word' id='word_1_320' title='bbox 461 1648 488 1672; x_wconf 89' lang='lat' dir='ltr'><strong>et</strong></span> <span class='ocrx_word' id='word_1_321' title='bbox 509 1644 631 1672; x_wconf 87' lang='lat' dir='ltr'><strong>doctrina</strong></span> <span class='ocrx_word' id='word_1_322' title='bbox 653 1645 848 1679; x_wconf 85' lang='lat' dir='ltr'><strong>apostolorum.</strong></span> <span class='ocrx_word' id='word_1_323' title='bbox 870 1644 904 1671; x_wconf 86' lang='lat' dir='ltr'><strong>Et</strong></span> <span class='ocrx_word' id='word_1_324' title='bbox 930 1644 1031 1672; x_wconf 86' lang='lat' dir='ltr'><strong>iterum</strong></span> 
     </span>
    </p>
   </div>
   <div class='ocr_carea' id='block_1_50' title="bbox 239 1689 1029 1727">
    <p class='ocr_par' dir='ltr' id='par_1_50' title="bbox 239 1689 1029 1727">
     <span class='ocr_line' id='line_1_50' title="bbox 239 1689 1029 1727; baseline -0.001 -9"><span class='ocrx_word' id='word_1_325' title='bbox 239 1691 359 1719; x_wconf 87' lang='lat' dir='ltr'><strong>decimus</strong></span> <span class='ocrx_word' id='word_1_326' title='bbox 372 1691 497 1726; x_wconf 90' lang='lat' dir='ltr'><strong>quintus,</strong></span> <span class='ocrx_word' id='word_1_327' title='bbox 513 1690 644 1727; x_wconf 80' lang='lat' dir='ltr'><strong>[Comata</strong></span> <span class='ocrx_word' id='word_1_328' title='bbox 657 1690 724 1724; x_wconf 81' lang='lat' dir='ltr'><strong>Deo,</strong></span> <span class='ocrx_word' id='word_1_329' title='bbox 737 1691 867 1727; x_wconf 70' lang='lat' dir='ltr'><strong>psalmum</strong></span> <span class='ocrx_word' id='word_1_330' title='bbox 882 1691 960 1717; x_wconf 84' lang='lat' dir='ltr'><strong>dicite</strong></span> <span class='ocrx_word' id='word_1_331' title='bbox 973 1689 1029 1726; x_wconf 83' lang='lat' dir='ltr'><strong>ei,]</strong></span> 
     </span>
    </p>
   </div>
   <div class='ocr_carea' id='block_1_51' title="bbox 239 1737 1031 1773">
    <p class='ocr_par' dir='ltr' id='par_1_51' title="bbox 239 1737 1031 1773">
     <span class='ocr_line' id='line_1_51' title="bbox 239 1737 1031 1773; baseline 0 -9"><span class='ocrx_word' id='word_1_332' title='bbox 239 1737 365 1765; x_wconf 87' lang='lat' dir='ltr'><strong>hortatur</strong></span> <span class='ocrx_word' id='word_1_333' title='bbox 375 1737 490 1773; x_wconf 91' lang='lat' dir='ltr'><strong>populos</strong></span> <span class='ocrx_word' id='word_1_334' title='bbox 501 1742 531 1764; x_wconf 92' lang='lat' dir='ltr'><strong>ut</strong></span> <span class='ocrx_word' id='word_1_335' title='bbox 543 1737 570 1764; x_wconf 92' lang='lat' dir='ltr'><strong>in</strong></span> <span class='ocrx_word' id='word_1_336' title='bbox 582 1737 624 1765; x_wconf 91' lang='lat' dir='ltr'><strong>his</strong></span> <span class='ocrx_word' id='word_1_337' title='bbox 635 1745 695 1773; x_wconf 81' lang='lat' dir='ltr'><strong>qua:</strong></span> <span class='ocrx_word' id='word_1_338' title='bbox 705 1738 845 1765; x_wconf 86' lang='lat' dir='ltr'><strong>audierant</strong></span> <span class='ocrx_word' id='word_1_339' title='bbox 857 1737 929 1764; x_wconf 83' lang='lat' dir='ltr'><strong>ﬁdeli</strong></span> <span class='ocrx_word' id='word_1_340' title='bbox 941 1741 1031 1764; x_wconf 86' lang='lat' dir='ltr'><strong>mente</strong></span> 
     </span>
    </p>
   </div>
   <div class='ocr_carea' id='block_1_52' title="bbox 239 1782 1032 1819">
    <p class='ocr_par' dir='ltr' id='par_1_52' title="bbox 239 1782 1032 1819">
     <span class='ocr_line' id='line_1_52' title="bbox 239 1782 1032 1819; baseline -0.001 -9"><span class='ocrx_word' id='word_1_341' title='bbox 239 1787 444 1819; x_wconf 64' lang='lat' dir='ltr'><strong>praesumentes,</strong></span> <span class='ocrx_word' id='word_1_342' title='bbox 460 1782 554 1810; x_wconf 89' lang='lat' dir='ltr'><strong>laudes</strong></span> <span class='ocrx_word' id='word_1_343' title='bbox 565 1783 621 1810; x_wconf 92' lang='lat' dir='ltr'><strong>Deo</strong></span> <span class='ocrx_word' id='word_1_344' title='bbox 634 1783 760 1818; x_wconf 88' lang='lat' dir='ltr'><strong>hymnica</strong></span> <span class='ocrx_word' id='word_1_345' title='bbox 774 1782 956 1810; x_wconf 81' lang='lat' dir='ltr'><strong>exsultatione</strong></span> <span class='ocrx_word' id='word_1_346' title='bbox 969 1790 1032 1809; x_wconf 93' lang='lat' dir='ltr'><strong>con-</strong></span> 
     </span>
    </p>
   </div>
   <div class='ocr_carea' id='block_1_53' title="bbox 239 1828 1031 1864">
    <p class='ocr_par' dir='ltr' id='par_1_53' title="bbox 239 1828 1031 1864">
     <span class='ocr_line' id='line_1_53' title="bbox 239 1828 1031 1864; baseline 0 -8"><span class='ocrx_word' id='word_1_347' title='bbox 239 1828 378 1857; x_wconf 86' lang='lat' dir='ltr'><strong>celebrent</strong></span> <span class='ocrx_word' id='word_1_348' title='bbox 391 1838 397 1856; x_wconf 90' lang='lat'><strong>:</strong></span> <span class='ocrx_word' id='word_1_349' title='bbox 411 1829 512 1857; x_wconf 91' lang='lat' dir='ltr'><strong>idcirco</strong></span> <span class='ocrx_word' id='word_1_350' title='bbox 522 1832 696 1857; x_wconf 88' lang='lat' dir='ltr'><strong>assumuntur</strong></span> <span class='ocrx_word' id='word_1_351' title='bbox 706 1833 856 1864; x_wconf 68' lang='lat' dir='ltr'><strong>prmsentes</strong></span> <span class='ocrx_word' id='word_1_352' title='bbox 865 1829 1031 1864; x_wconf 89' lang='lat' dir='ltr'><strong>responsorii</strong></span> 
     </span>
    </p>
   </div>
   <div class='ocr_carea' id='block_1_54' title="bbox 239 1875 1031 1912">
    <p class='ocr_par' dir='ltr' id='par_1_54' title="bbox 239 1875 1031 1912">
     <span class='ocr_line' id='line_1_54' title="bbox 239 1875 1031 1912; baseline 0 -9"><span class='ocrx_word' id='word_1_353' title='bbox 239 1876 273 1904; x_wconf 87' lang='lat' dir='ltr'><strong>de</strong></span> <span class='ocrx_word' id='word_1_354' title='bbox 290 1876 420 1911; x_wconf 86' lang='lat' dir='ltr'><strong>psalterio</strong></span> <span class='ocrx_word' id='word_1_355' title='bbox 435 1876 506 1912; x_wconf 91' lang='lat' dir='ltr'><strong>quod</strong></span> <span class='ocrx_word' id='word_1_356' title='bbox 523 1880 566 1904; x_wconf 90' lang='lat' dir='ltr'><strong>est</strong></span> <span class='ocrx_word' id='word_1_357' title='bbox 578 1876 671 1904; x_wconf 88' lang='lat' dir='ltr'><strong>decem</strong></span> <span class='ocrx_word' id='word_1_358' title='bbox 685 1876 863 1908; x_wconf 84' lang='lat' dir='ltr'><strong>chordarum,</strong></span> <span class='ocrx_word' id='word_1_359' title='bbox 885 1875 912 1902; x_wconf 89' lang='lat' dir='ltr'><strong>in</strong></span> <span class='ocrx_word' id='word_1_360' title='bbox 931 1875 1031 1910; x_wconf 85' lang='lat' dir='ltr'><strong>quibus</strong></span> 
     </span>
    </p>
   </div>
   <div class='ocr_carea' id='block_1_55' title="bbox 240 1921 1032 1957">
    <p class='ocr_par' dir='ltr' id='par_1_55' title="bbox 240 1921 1032 1957">
     <span class='ocr_line' id='line_1_55' title="bbox 240 1921 1032 1957; baseline -0.001 -9"><span class='ocrx_word' id='word_1_361' title='bbox 240 1921 350 1950; x_wconf 89' lang='lat' dir='ltr'><strong>dilectio</strong></span> <span class='ocrx_word' id='word_1_362' title='bbox 363 1921 410 1949; x_wconf 89' lang='lat' dir='ltr'><strong>Dei</strong></span> <span class='ocrx_word' id='word_1_363' title='bbox 423 1926 533 1957; x_wconf 90' lang='lat' dir='ltr'><strong>propter</strong></span> <span class='ocrx_word' id='word_1_364' title='bbox 546 1922 597 1948; x_wconf 83' lang='lat' dir='ltr'><strong>tria</strong></span> <span class='ocrx_word' id='word_1_365' title='bbox 607 1941 614 1955; x_wconf 93' lang='lat'><strong>,</strong></span> <span class='ocrx_word' id='word_1_366' title='bbox 629 1925 656 1948; x_wconf 90' lang='lat' dir='ltr'><strong>et</strong></span> <span class='ocrx_word' id='word_1_367' title='bbox 667 1921 776 1948; x_wconf 88' lang='lat' dir='ltr'><strong>dilectio</strong></span> <span class='ocrx_word' id='word_1_368' title='bbox 788 1921 905 1956; x_wconf 78' lang='lat' dir='ltr'><strong>proximi</strong></span> <span class='ocrx_word' id='word_1_369' title='bbox 919 1925 1032 1955; x_wconf 86' lang='lat' dir='ltr'><strong>propter</strong></span> 
     </span>
    </p>
   </div>
   <div class='ocr_carea' id='block_1_56' title="bbox 240 1965 1032 2002">
    <p class='ocr_par' dir='ltr' id='par_1_56' title="bbox 240 1965 1032 2002">
     <span class='ocr_line' id='line_1_56' title="bbox 240 1965 1032 2002; baseline -0.003 -8"><span class='ocrx_word' id='word_1_370' title='bbox 240 1971 345 2002; x_wconf 87' lang='lat' dir='ltr'><strong>septem</strong></span> <span class='ocrx_word' id='word_1_371' title='bbox 361 1966 527 2001; x_wconf 75' lang='lat' dir='ltr'><strong>designatur,</strong></span> <span class='ocrx_word' id='word_1_372' title='bbox 547 1971 577 1993; x_wconf 89' lang='lat' dir='ltr'><strong>ut</strong></span> <span class='ocrx_word' id='word_1_373' title='bbox 593 1974 627 1994; x_wconf 83' lang='lat' dir='ltr'><strong>ex</strong></span> <span class='ocrx_word' id='word_1_374' title='bbox 645 1966 825 2001; x_wconf 89' lang='lat' dir='ltr'><strong>responsoriis</strong></span> <span class='ocrx_word' id='word_1_375' title='bbox 837 1965 958 2001; x_wconf 86' lang='lat' dir='ltr'><strong>psalterii</strong></span> <span class='ocrx_word' id='word_1_376' title='bbox 971 1973 1032 2001; x_wconf 90' lang='lat' dir='ltr'><strong>pro-</strong></span> 
     </span>
    </p>
   </div>
   <div class='ocr_carea' id='block_1_57' title="bbox 238 2013 1031 2049">
    <p class='ocr_par' dir='ltr' id='par_1_57' title="bbox 238 2013 1031 2049">
     <span class='ocr_line' id='line_1_57' title="bbox 238 2013 1031 2049; baseline 0 -8"><span class='ocrx_word' id='word_1_377' title='bbox 238 2014 280 2042; x_wconf 89' lang='lat' dir='ltr'><strong>les</strong></span> <span class='ocrx_word' id='word_1_378' title='bbox 303 2021 332 2042; x_wconf 89' lang='lat' dir='ltr'><strong>se</strong></span> <span class='ocrx_word' id='word_1_379' title='bbox 358 2013 478 2041; x_wconf 89' lang='lat' dir='ltr'><strong>insinuet</strong></span> <span class='ocrx_word' id='word_1_380' title='bbox 500 2014 612 2049; x_wconf 80' lang='lat' dir='ltr'><strong>diligere</strong></span> <span class='ocrx_word' id='word_1_381' title='bbox 634 2022 763 2049; x_wconf 90' lang='lat' dir='ltr'><strong>sponsum</strong></span> <span class='ocrx_word' id='word_1_382' title='bbox 786 2014 882 2041; x_wconf 89' lang='lat' dir='ltr'><strong>matris</strong></span> <span class='ocrx_word' id='word_1_383' title='bbox 905 2022 975 2046; x_wconf 67' lang='lat' dir='ltr'><strong>sua),</strong></span> <span class='ocrx_word' id='word_1_384' title='bbox 1002 2018 1031 2041; x_wconf 89' lang='lat' dir='ltr'><strong>et</strong></span> 
     </span>
    </p>
   </div>
   <div class='ocr_carea' id='block_1_58' title="bbox 240 2060 1029 2095">
    <p class='ocr_par' dir='ltr' id='par_1_58' title="bbox 240 2060 1029 2095">
     <span class='ocr_line' id='line_1_58' title="bbox 240 2060 1029 2095; baseline 0.001 -8"><span class='ocrx_word' id='word_1_385' title='bbox 240 2064 357 2088; x_wconf 84' lang='lat' dir='ltr'><strong>matrem</strong></span> <span class='ocrx_word' id='word_1_386' title='bbox 379 2067 473 2093; x_wconf 88' lang='lat' dir='ltr'><strong>suam,</strong></span> <span class='ocrx_word' id='word_1_387' title='bbox 494 2064 522 2087; x_wconf 86' lang='lat' dir='ltr'><strong>et</strong></span> <span class='ocrx_word' id='word_1_388' title='bbox 543 2060 615 2095; x_wconf 88' lang='lat' dir='ltr'><strong>loqui</strong></span> <span class='ocrx_word' id='word_1_389' title='bbox 636 2068 666 2088; x_wconf 87' lang='lat' dir='ltr'><strong>se</strong></span> <span class='ocrx_word' id='word_1_390' title='bbox 684 2068 717 2088; x_wconf 92' lang='lat' dir='ltr'><strong>ac</strong></span> <span class='ocrx_word' id='word_1_391' title='bbox 738 2061 903 2095; x_wconf 89' lang='lat' dir='ltr'><strong>respondere</strong></span> <span class='ocrx_word' id='word_1_392' title='bbox 924 2061 1029 2088; x_wconf 85' lang='lat' dir='ltr'><strong>civitati</strong></span> 
     </span>
    </p>
   </div>
   <div class='ocr_carea' id='block_1_59' title="bbox 240 2103 1029 2140">
    <p class='ocr_par' dir='ltr' id='par_1_59' title="bbox 240 2103 1029 2140">
     <span class='ocr_line' id='line_1_59' title="bbox 240 2103 1029 2140; baseline 0.003 -9"><span class='ocrx_word' id='word_1_393' title='bbox 240 2103 408 2132; x_wconf 82' lang='lat' dir='ltr'><strong>Hierusalem</strong></span> <span class='ocrx_word' id='word_1_394' title='bbox 417 2124 425 2138; x_wconf 90' lang='lat'><strong>,</strong></span> <span class='ocrx_word' id='word_1_395' title='bbox 444 2112 504 2140; x_wconf 59' lang='lat' dir='ltr'><strong>qum</strong></span> <span class='ocrx_word' id='word_1_396' title='bbox 518 2104 545 2132; x_wconf 90' lang='lat' dir='ltr'><strong>in</strong></span> <span class='ocrx_word' id='word_1_397' title='bbox 560 2104 628 2132; x_wconf 71' lang='lat' dir='ltr'><strong>cmlo</strong></span> <span class='ocrx_word' id='word_1_398' title='bbox 642 2105 756 2133; x_wconf 89' lang='lat' dir='ltr'><strong>habitat.</strong></span> <span class='ocrx_word' id='word_1_399' title='bbox 778 2105 839 2133; x_wconf 87' lang='lat' dir='ltr'><strong>Tria</strong></span> <span class='ocrx_word' id='word_1_400' title='bbox 853 2105 925 2132; x_wconf 90' lang='lat' dir='ltr'><strong>enim</strong></span> <span class='ocrx_word' id='word_1_401' title='bbox 939 2105 1029 2133; x_wconf 80' lang='lat' dir='ltr'><strong>ofﬁcia</strong></span> 
     </span>
    </p>
   </div>
   <div class='ocr_carea' id='block_1_60' title="bbox 239 2150 1028 2188">
    <p class='ocr_par' dir='ltr' id='par_1_60' title="bbox 239 2150 1028 2188">
     <span class='ocr_line' id='line_1_60' title="bbox 239 2150 1028 2188; baseline 0.001 -10"><span class='ocrx_word' id='word_1_402' title='bbox 239 2151 388 2184; x_wconf 88' lang='lat' dir='ltr'><strong>diurnalia,</strong></span> <span class='ocrx_word' id='word_1_403' title='bbox 409 2151 435 2178; x_wconf 92' lang='lat' dir='ltr'><strong>id</strong></span> <span class='ocrx_word' id='word_1_404' title='bbox 455 2154 514 2184; x_wconf 88' lang='lat' dir='ltr'><strong>est,</strong></span> <span class='ocrx_word' id='word_1_405' title='bbox 535 2150 662 2187; x_wconf 72' lang='lat' dir='ltr'><strong>[Caritate</strong></span> <span class='ocrx_word' id='word_1_406' title='bbox 676 2151 824 2188; x_wconf 85' lang='lat' dir='ltr'><strong>Domino,]</strong></span> <span class='ocrx_word' id='word_1_407' title='bbox 844 2156 888 2185; x_wconf 89' lang='lat' dir='ltr'><strong>et,</strong></span> <span class='ocrx_word' id='word_1_408' title='bbox 911 2151 1028 2188; x_wconf 79' lang='lat' dir='ltr'><strong>[Vocem</strong></span> 
     </span>
    </p>
   </div>
   <div class='ocr_carea' id='block_1_61' title="bbox 235 2196 1028 2235">
    <p class='ocr_par' dir='ltr' id='par_1_61' title="bbox 235 2196 1028 2235">
     <span class='ocr_line' id='line_1_61' title="bbox 235 2196 1028 2235; baseline 0.001 -11"><span class='ocrx_word' id='word_1_409' title='bbox 235 2196 442 2234; x_wconf 76' lang='lat' dir='ltr'><strong>jucunditatis,]</strong></span> <span class='ocrx_word' id='word_1_410' title='bbox 457 2201 501 2230; x_wconf 90' lang='lat' dir='ltr'><strong>et,</strong></span> <span class='ocrx_word' id='word_1_411' title='bbox 516 2197 635 2234; x_wconf 64' lang='lat' dir='ltr'><strong>[Exaudi</strong></span> <span class='ocrx_word' id='word_1_412' title='bbox 646 2218 653 2231; x_wconf 93' lang='lat'><strong>,</strong></span> <span class='ocrx_word' id='word_1_413' title='bbox 669 2197 790 2231; x_wconf 80' lang='lat' dir='ltr'><strong>Domine,</strong></span> <span class='ocrx_word' id='word_1_414' title='bbox 807 2207 893 2226; x_wconf 78' lang='lat' dir='ltr'><strong>vocem</strong></span> <span class='ocrx_word' id='word_1_415' title='bbox 906 2207 991 2225; x_wconf 79' lang='lat' dir='ltr'><strong>meam</strong></span> <span class='ocrx_word' id='word_1_416' title='bbox 1001 2197 1028 2235; x_wconf 89' lang='lat'><strong>,]</strong></span> 
     </span>
    </p>
   </div>
   <div class='ocr_carea' id='block_1_62' title="bbox 238 2241 1030 2279">
    <p class='ocr_par' dir='ltr' id='par_1_62' title="bbox 238 2241 1030 2279">
     <span class='ocr_line' id='line_1_62' title="bbox 238 2241 1030 2279; baseline 0.003 -10"><span class='ocrx_word' id='word_1_417' title='bbox 238 2241 362 2269; x_wconf 88' lang='lat' dir='ltr'><strong>recolunt</strong></span> <span class='ocrx_word' id='word_1_418' title='bbox 380 2243 474 2270; x_wconf 87' lang='lat' dir='ltr'><strong>eadem</strong></span> <span class='ocrx_word' id='word_1_419' title='bbox 489 2247 610 2277; x_wconf 87' lang='lat' dir='ltr'><strong>tempora</strong></span> <span class='ocrx_word' id='word_1_420' title='bbox 627 2251 686 2278; x_wconf 71' lang='lat' dir='ltr'><strong>qua:</strong></span> <span class='ocrx_word' id='word_1_421' title='bbox 705 2248 891 2271; x_wconf 90' lang='lat' dir='ltr'><strong>memorantur</strong></span> <span class='ocrx_word' id='word_1_422' title='bbox 903 2252 952 2279; x_wconf 92' lang='lat' dir='ltr'><strong>per</strong></span> <span class='ocrx_word' id='word_1_423' title='bbox 963 2252 1030 2279; x_wconf 72' lang='grc' dir='ltr'><strong>ρηε·</strong></span> 
     </span>
    </p>
   </div>
   <div class='ocr_carea' id='block_1_63' title="bbox 241 2290 1029 2325">
    <p class='ocr_par' dir='ltr' id='par_1_63' title="bbox 241 2290 1029 2325">
     <span class='ocr_line' id='line_1_63' title="bbox 241 2290 1029 2325; baseline 0.004 -10"><span class='ocrx_word' id='word_1_424' title='bbox 241 2292 333 2316; x_wconf 88' lang='lat' dir='ltr'><strong>sentes</strong></span> <span class='ocrx_word' id='word_1_425' title='bbox 352 2290 548 2322; x_wconf 86' lang='lat' dir='ltr'><strong>responsorios.</strong></span> <span class='ocrx_word' id='word_1_426' title='bbox 568 2290 672 2317; x_wconf 86' lang='lat' dir='ltr'><strong>Idcirco</strong></span> <span class='ocrx_word' id='word_1_427' title='bbox 691 2290 728 2317; x_wconf 91' lang='lat' dir='ltr'><strong>nil</strong></span> <span class='ocrx_word' id='word_1_428' title='bbox 748 2290 879 2325; x_wconf 86' lang='lat' dir='ltr'><strong>delinquit</strong></span> <span class='ocrx_word' id='word_1_429' title='bbox 897 2291 945 2325; x_wconf 91' lang='lat' dir='ltr'><strong>qui</strong></span> <span class='ocrx_word' id='word_1_430' title='bbox 963 2298 1029 2325; x_wconf 72' lang='lat' dir='ltr'><strong>pm-</strong></span> 
     </span>
    </p>
   </div>
   <div class='ocr_carea' id='block_1_64' title="bbox 242 2334 1028 2369">
    <p class='ocr_par' dir='ltr' id='par_1_64' title="bbox 242 2334 1028 2369">
     <span class='ocr_line' id='line_1_64' title="bbox 242 2334 1028 2369; baseline 0.004 -9"><span class='ocrx_word' id='word_1_431' title='bbox 242 2337 333 2361; x_wconf 87' lang='lat' dir='ltr'><strong>sentes</strong></span> <span class='ocrx_word' id='word_1_432' title='bbox 346 2334 534 2368; x_wconf 89' lang='lat' dir='ltr'><strong>responsorios</strong></span> <span class='ocrx_word' id='word_1_433' title='bbox 545 2335 696 2361; x_wconf 84' lang='lat' dir='ltr'><strong>cantavcrit</strong></span> <span class='ocrx_word' id='word_1_434' title='bbox 707 2343 757 2369; x_wconf 86' lang='lat' dir='ltr'><strong>per</strong></span> <span class='ocrx_word' id='word_1_435' title='bbox 767 2340 822 2363; x_wconf 87' lang='lat' dir='ltr'><strong>tres</strong></span> <span class='ocrx_word' id='word_1_436' title='bbox 836 2336 1028 2369; x_wconf 84' lang='lat' dir='ltr'><strong>hebdomadas,</strong></span> 
     </span>
    </p>
   </div>
   <div class='ocr_carea' id='block_1_65' title="bbox 239 2377 1030 2414">
    <p class='ocr_par' dir='ltr' id='par_1_65' title="bbox 239 2377 1030 2414">
     <span class='ocr_line' id='line_1_65' title="bbox 239 2377 1030 2414; baseline 0.003 -9"><span class='ocrx_word' id='word_1_437' title='bbox 239 2377 266 2405; x_wconf 90' lang='lat' dir='ltr'><strong>id</strong></span> <span class='ocrx_word' id='word_1_438' title='bbox 281 2381 338 2411; x_wconf 88' lang='lat' dir='ltr'><strong>est,</strong></span> <span class='ocrx_word' id='word_1_439' title='bbox 355 2377 389 2406; x_wconf 91' lang='lat' dir='ltr'><strong>ab</strong></span> <span class='ocrx_word' id='word_1_440' title='bbox 402 2377 493 2405; x_wconf 85' lang='lat' dir='ltr'><strong>ofﬁcio</strong></span> <span class='ocrx_word' id='word_1_441' title='bbox 507 2377 634 2414; x_wconf 75' lang='lat' dir='ltr'><strong>[Comata</strong></span> <span class='ocrx_word' id='word_1_442' title='bbox 647 2378 792 2414; x_wconf 86' lang='lat' dir='ltr'><strong>Domino,]</strong></span> <span class='ocrx_word' id='word_1_443' title='bbox 806 2386 892 2414; x_wconf 88' lang='lat' dir='ltr'><strong>usque</strong></span> <span class='ocrx_word' id='word_1_444' title='bbox 910 2380 943 2406; x_wconf 90' lang='lat' dir='ltr'><strong>ad</strong></span> <span class='ocrx_word' id='word_1_445' title='bbox 963 2379 1030 2407; x_wconf 88' lang='lat' dir='ltr'><strong>Pen-</strong></span> 
     </span>
    </p>
   </div>
   <div class='ocr_carea' id='block_1_66' title="bbox 240 2423 1031 2456">
    <p class='ocr_par' dir='ltr' id='par_1_66' title="bbox 240 2423 1031 2456">
     <span class='ocr_line' id='line_1_66' title="bbox 240 2423 1031 2456; baseline 0.004 -5"><span class='ocrx_word' id='word_1_446' title='bbox 240 2427 379 2456; x_wconf 83' lang='lat' dir='ltr'><strong>tecosten,</strong></span> <span class='ocrx_word' id='word_1_447' title='bbox 401 2423 475 2450; x_wconf 90' lang='lat' dir='ltr'><strong>salva</strong></span> <span class='ocrx_word' id='word_1_448' title='bbox 493 2428 520 2451; x_wconf 92' lang='lat' dir='ltr'><strong>et</strong></span> <span class='ocrx_word' id='word_1_449' title='bbox 539 2423 675 2452; x_wconf 82' lang='lat' dir='ltr'><strong>celebrata</strong></span> <span class='ocrx_word' id='word_1_450' title='bbox 693 2423 839 2452; x_wconf 89' lang='lat' dir='ltr'><strong>festivitate</strong></span> <span class='ocrx_word' id='word_1_451' title='bbox 856 2424 1031 2454; x_wconf 86' lang='lat' dir='ltr'><strong>Asoensiouis</strong></span> 
     </span>
    </p>
   </div>
   <div class='ocr_carea' id='block_1_67' title="bbox 239 2469 1030 2506">
    <p class='ocr_par' dir='ltr' id='par_1_67' title="bbox 239 2469 1030 2506">
     <span class='ocr_line' id='line_1_67' title="bbox 239 2469 1030 2506; baseline 0.003 -9"><span class='ocrx_word' id='word_1_452' title='bbox 239 2469 350 2498; x_wconf 87' lang='lat' dir='ltr'><strong>Christi.</strong></span> <span class='ocrx_word' id='word_1_453' title='bbox 371 2469 465 2505; x_wconf 88' lang='lat' dir='ltr'><strong>Neque</strong></span> <span class='ocrx_word' id='word_1_454' title='bbox 486 2470 655 2506; x_wconf 87' lang='lat' dir='ltr'><strong>reprehendo</strong></span> <span class='ocrx_word' id='word_1_455' title='bbox 668 2471 890 2499; x_wconf 87' lang='lat' dir='ltr'><strong>consuetudinem</strong></span> <span class='ocrx_word' id='word_1_456' title='bbox 904 2471 1030 2499; x_wconf 70' lang='lat' dir='ltr'><strong>Ecclesia:</strong></span> 
     </span>
    </p>
   </div>
   <div class='ocr_carea' id='block_1_68' title="bbox 238 2516 1029 2552">
    <p class='ocr_par' dir='ltr' id='par_1_68' title="bbox 238 2516 1029 2552">
     <span class='ocr_line' id='line_1_68' title="bbox 238 2516 1029 2552; baseline 0.004 -9"><span class='ocrx_word' id='word_1_457' title='bbox 238 2520 337 2544; x_wconf 60' lang='lat' dir='ltr'><strong>nostra</strong></span> <span class='ocrx_word' id='word_1_458' title='bbox 350 2524 409 2552; x_wconf 76' lang='lat' dir='ltr'><strong>qua:</strong></span> <span class='ocrx_word' id='word_1_459' title='bbox 422 2516 456 2544; x_wconf 90' lang='lat' dir='ltr'><strong>ob</strong></span> <span class='ocrx_word' id='word_1_460' title='bbox 469 2524 589 2544; x_wconf 81' lang='lat' dir='ltr'><strong>amorem</strong></span> <span class='ocrx_word' id='word_1_461' title='bbox 602 2517 775 2545; x_wconf 75' lang='lat' dir='ltr'><strong>eraltationis</strong></span> <span class='ocrx_word' id='word_1_462' title='bbox 789 2517 889 2546; x_wconf 89' lang='lat' dir='ltr'><strong>Christi</strong></span> <span class='ocrx_word' id='word_1_463' title='bbox 902 2518 929 2545; x_wconf 94' lang='lat' dir='ltr'><strong>in</strong></span> <span class='ocrx_word' id='word_1_464' title='bbox 943 2518 1029 2551; x_wconf 69' lang='lat' dir='ltr'><strong>cmlis,</strong></span> 
     </span>
    </p>
   </div>
   <div class='ocr_carea' id='block_1_69' title="bbox 239 2561 1027 2598">
    <p class='ocr_par' dir='ltr' id='par_1_69' title="bbox 239 2561 1027 2598">
     <span class='ocr_line' id='line_1_69' title="bbox 239 2561 1027 2598; baseline 0.003 -10"><span class='ocrx_word' id='word_1_465' title='bbox 239 2565 266 2588; x_wconf 88' lang='lat' dir='ltr'><strong>et</strong></span> <span class='ocrx_word' id='word_1_466' title='bbox 284 2561 448 2589; x_wconf 88' lang='lat' dir='ltr'><strong>desiderium</strong></span> <span class='ocrx_word' id='word_1_467' title='bbox 469 2561 542 2589; x_wconf 84' lang='lat' dir='ltr'><strong>illius</strong></span> <span class='ocrx_word' id='word_1_468' title='bbox 559 2562 635 2597; x_wconf 78' lang='lat' dir='ltr'><strong>regni</strong></span> <span class='ocrx_word' id='word_1_469' title='bbox 654 2570 707 2597; x_wconf 89' lang='lat' dir='ltr'><strong>quo</strong></span> <span class='ocrx_word' id='word_1_470' title='bbox 722 2563 779 2598; x_wconf 87' lang='lat' dir='ltr'><strong>jam</strong></span> <span class='ocrx_word' id='word_1_471' title='bbox 799 2563 856 2598; x_wconf 89' lang='lat' dir='ltr'><strong>ipse</strong></span> <span class='ocrx_word' id='word_1_472' title='bbox 875 2563 1027 2598; x_wconf 70' lang='lat' dir='ltr'><strong>praecessit,</strong></span> 
     </span>
    </p>
   </div>
   <div class='ocr_carea' id='block_1_70' title="bbox 238 2608 1026 2645">
    <p class='ocr_par' dir='ltr' id='par_1_70' title="bbox 238 2608 1026 2645">
     <span class='ocr_line' id='line_1_70' title="bbox 238 2608 1026 2645; baseline 0 -9"><span class='ocrx_word' id='word_1_473' title='bbox 238 2613 332 2637; x_wconf 84' lang='lat' dir='ltr'><strong>cantat</strong></span> <span class='ocrx_word' id='word_1_474' title='bbox 350 2609 538 2644; x_wconf 89' lang='lat' dir='ltr'><strong>responsorios</strong></span> <span class='ocrx_word' id='word_1_475' title='bbox 556 2608 589 2636; x_wconf 85' lang='lat' dir='ltr'><strong>de</strong></span> <span class='ocrx_word' id='word_1_476' title='bbox 607 2608 774 2636; x_wconf 83' lang='lat' dir='ltr'><strong>Ascensione</strong></span> <span class='ocrx_word' id='word_1_477' title='bbox 792 2617 840 2645; x_wconf 85' lang='lat' dir='ltr'><strong>per</strong></span> <span class='ocrx_word' id='word_1_478' title='bbox 853 2609 945 2637; x_wconf 87' lang='lat' dir='ltr'><strong>decem</strong></span> <span class='ocrx_word' id='word_1_479' title='bbox 959 2609 1026 2637; x_wconf 88' lang='lat' dir='ltr'><strong>dies.</strong></span> 
     </span>
    </p>
   </div>
   <div class='ocr_carea' id='block_1_71' title="bbox 237 2653 1028 2691">
    <p class='ocr_par' dir='ltr' id='par_1_71' title="bbox 237 2653 1028 2691">
     <span class='ocr_line' id='line_1_71' title="bbox 237 2653 1028 2691; baseline 0 -9"><span class='ocrx_word' id='word_1_480' title='bbox 237 2653 362 2682; x_wconf 81' lang='lat' dir='ltr'><strong>Habeant</strong></span> <span class='ocrx_word' id='word_1_481' title='bbox 382 2653 462 2681; x_wconf 80' lang='lat' dir='ltr'><strong>ﬁnem</strong></span> <span class='ocrx_word' id='word_1_482' title='bbox 476 2654 640 2690; x_wconf 85' lang='lat' dir='ltr'><strong>responsorii</strong></span> <span class='ocrx_word' id='word_1_483' title='bbox 653 2654 687 2682; x_wconf 89' lang='lat' dir='ltr'><strong>de</strong></span> <span class='ocrx_word' id='word_1_484' title='bbox 699 2654 810 2691; x_wconf 82' lang='lat' dir='ltr'><strong>psalmis</strong></span> <span class='ocrx_word' id='word_1_485' title='bbox 824 2655 851 2682; x_wconf 89' lang='lat' dir='ltr'><strong>in</strong></span> <span class='ocrx_word' id='word_1_486' title='bbox 866 2663 1028 2691; x_wconf 82' lang='lat' dir='ltr'><strong>quocunque</strong></span> 
     </span>
    </p>
   </div>
   <div class='ocr_carea' id='block_1_72' title="bbox 238 2701 1027 2738">
    <p class='ocr_par' dir='ltr' id='par_1_72' title="bbox 238 2701 1027 2738">
     <span class='ocr_line' id='line_1_72' title="bbox 238 2701 1027 2738; baseline 0.003 -11"><span class='ocrx_word' id='word_1_487' title='bbox 238 2705 379 2736; x_wconf 88' lang='lat' dir='ltr'><strong>tempore,</strong></span> <span class='ocrx_word' id='word_1_488' title='bbox 398 2706 495 2730; x_wconf 91' lang='lat' dir='ltr'><strong>cantor</strong></span> <span class='ocrx_word' id='word_1_489' title='bbox 514 2701 712 2730; x_wconf 87' lang='lat' dir='ltr'><strong>rationabiliter</strong></span> <span class='ocrx_word' id='word_1_490' title='bbox 721 2702 885 2738; x_wconf 82' lang='lat' dir='ltr'><strong>judicaverit</strong></span> <span class='ocrx_word' id='word_1_491' title='bbox 898 2712 903 2729; x_wconf 89' lang='lat'><strong>:</strong></span> <span class='ocrx_word' id='word_1_492' title='bbox 918 2703 1027 2730; x_wconf 87' lang='lat' dir='ltr'><strong>initium</strong></span> 
     </span>
    </p>
   </div>
   <div class='ocr_carea' id='block_1_73' title="bbox 238 2747 1027 2783">
    <p class='ocr_par' dir='ltr' id='par_1_73' title="bbox 238 2747 1027 2783">
     <span class='ocr_line' id='line_1_73' title="bbox 238 2747 1027 2783; baseline 0.004 -12"><span class='ocrx_word' id='word_1_493' title='bbox 238 2749 328 2772; x_wconf 83' lang='lat' dir='ltr'><strong>ratum</strong></span> <span class='ocrx_word' id='word_1_494' title='bbox 346 2754 400 2775; x_wconf 89' lang='lat' dir='ltr'><strong>non</strong></span> <span class='ocrx_word' id='word_1_495' title='bbox 414 2751 527 2783; x_wconf 88' lang='lat' dir='ltr'><strong>possunt</strong></span> <span class='ocrx_word' id='word_1_496' title='bbox 540 2747 640 2775; x_wconf 89' lang='lat' dir='ltr'><strong>habere</strong></span> <span class='ocrx_word' id='word_1_497' title='bbox 651 2751 716 2775; x_wconf 90' lang='lat' dir='ltr'><strong>ante</strong></span> <span class='ocrx_word' id='word_1_498' title='bbox 728 2747 897 2775; x_wconf 86' lang='lat' dir='ltr'><strong>Deminicam</strong></span> <span class='ocrx_word' id='word_1_499' title='bbox 907 2767 914 2779; x_wconf 86' lang='lat'><strong>,</strong></span> <span class='ocrx_word' id='word_1_500' title='bbox 930 2747 958 2774; x_wconf 91' lang='lat' dir='ltr'><strong>in</strong></span> <span class='ocrx_word' id='word_1_501' title='bbox 973 2755 1027 2782; x_wconf 87' lang='lat' dir='ltr'><strong>qua</strong></span> 
     </span>
    </p>
   </div>
   <div class='ocr_carea' id='block_1_74' title="bbox 240 2793 1025 2831">
    <p class='ocr_par' dir='ltr' id='par_1_74' title="bbox 240 2793 1025 2831">
     <span class='ocr_line' id='line_1_74' title="bbox 240 2793 1025 2831; baseline 0.003 -12"><span class='ocrx_word' id='word_1_502' title='bbox 240 2794 368 2820; x_wconf 79' lang='lat' dir='ltr'><strong>cantatur</strong></span> <span class='ocrx_word' id='word_1_503' title='bbox 384 2793 531 2827; x_wconf 86' lang='lat' dir='ltr'><strong>lntroitus,</strong></span> <span class='ocrx_word' id='word_1_504' title='bbox 557 2793 688 2831; x_wconf 84' lang='lat' dir='ltr'><strong>[Cantate</strong></span> <span class='ocrx_word' id='word_1_505' title='bbox 700 2794 814 2822; x_wconf 86' lang='lat' dir='ltr'><strong>Domino</strong></span> <span class='ocrx_word' id='word_1_506' title='bbox 829 2794 960 2822; x_wconf 83' lang='lat' dir='ltr'><strong>canticum</strong></span> <span class='ocrx_word' id='word_1_507' title='bbox 976 2802 1025 2821; x_wconf 85' lang='lat' dir='ltr'><strong>no-</strong></span> 
     </span>
    </p>
   </div>
   <div class='ocr_carea' id='block_1_75' title="bbox 235 2836 331 2873">
    <p class='ocr_par' dir='ltr' id='par_1_75' title="bbox 235 2836 331 2873">
     <span class='ocr_line' id='line_1_75' title="bbox 235 2836 331 2873; baseline -0.021 -9"><span class='ocrx_word' id='word_1_508' title='bbox 235 2836 331 2873; x_wconf 60' lang='lat' dir='ltr'><strong>vanu]</strong></span> 
     </span>
    </p>
   </div>
   <div class='ocr_carea' id='block_1_76' title="bbox 1042 2314 1069 2343">
    <p class='ocr_par' dir='ltr' id='par_1_76' title="bbox 1042 2314 1069 2343">
     <span class='ocr_line' id='line_1_76' title="bbox 1042 2314 1069 2343; baseline 0 0"><span class='ocrx_word' id='word_1_509' title='bbox 1042 2314 1069 2343; x_wconf 91' lang='lat' dir='ltr'><strong>D</strong></span> 
     </span>
    </p>
   </div>
   <div class='ocr_carea' id='block_1_77' title="bbox 1083 987 1881 1024">
    <p class='ocr_par' dir='ltr' id='par_1_77' title="bbox 1083 987 1881 1024">
     <span class='ocr_line' id='line_1_77' title="bbox 1083 987 1881 1024; baseline -0.005 -7"><span class='ocrx_word' id='word_1_510' title='bbox 1083 991 1185 1018; x_wconf 88' lang='lat' dir='ltr'><strong>tionem</strong></span> <span class='ocrx_word' id='word_1_511' title='bbox 1199 989 1299 1017; x_wconf 83' lang='lat' dir='ltr'><strong>Christi</strong></span> <span class='ocrx_word' id='word_1_512' title='bbox 1312 989 1345 1016; x_wconf 89' lang='lat' dir='ltr'><strong>ad</strong></span> <span class='ocrx_word' id='word_1_513' title='bbox 1360 988 1506 1024; x_wconf 84' lang='lat' dir='ltr'><strong>discipulos</strong></span> <span class='ocrx_word' id='word_1_514' title='bbox 1528 987 1561 1014; x_wconf 90' lang='lat' dir='ltr'><strong>de</strong></span> <span class='ocrx_word' id='word_1_515' title='bbox 1575 996 1622 1014; x_wconf 91' lang='lat' dir='ltr'><strong>sua</strong></span> <span class='ocrx_word' id='word_1_516' title='bbox 1637 988 1820 1020; x_wconf 81' lang='lat' dir='ltr'><strong>Ascensione,</strong></span> <span class='ocrx_word' id='word_1_517' title='bbox 1835 987 1881 1022; x_wconf 86' lang='lat' dir='ltr'><strong>qui</strong></span> 
     </span>
    </p>
   </div>
   <div class='ocr_carea' id='block_1_78' title="bbox 1083 1033 1881 1069">
    <p class='ocr_par' dir='ltr' id='par_1_78' title="bbox 1083 1033 1881 1069">
     <span class='ocr_line' id='line_1_78' title="bbox 1083 1033 1881 1069; baseline -0.005 -5"><span class='ocrx_word' id='word_1_518' title='bbox 1083 1036 1255 1065; x_wconf 88' lang='lat' dir='ltr'><strong>continentur</strong></span> <span class='ocrx_word' id='word_1_519' title='bbox 1270 1035 1364 1062; x_wconf 88' lang='lat' dir='ltr'><strong>ordine</strong></span> <span class='ocrx_word' id='word_1_520' title='bbox 1379 1035 1540 1069; x_wconf 88' lang='lat' dir='ltr'><strong>subscripto.</strong></span> <span class='ocrx_word' id='word_1_521' title='bbox 1561 1034 1669 1061; x_wconf 82' lang='lat' dir='ltr'><strong>Primus</strong></span> <span class='ocrx_word' id='word_1_522' title='bbox 1682 1039 1735 1066; x_wconf 84' lang='lat' dir='ltr'><strong>est,</strong></span> <span class='ocrx_word' id='word_1_523' title='bbox 1752 1033 1881 1069; x_wconf 70' lang='lat' dir='ltr'><strong>[Tempus</strong></span> 
     </span>
    </p>
   </div>
   <div class='ocr_carea' id='block_1_79' title="bbox 1082 1079 1880 1115">
    <p class='ocr_par' dir='ltr' id='par_1_79' title="bbox 1082 1079 1880 1115">
     <span class='ocr_line' id='line_1_79' title="bbox 1082 1079 1880 1115; baseline -0.005 -6"><span class='ocrx_word' id='word_1_524' title='bbox 1082 1087 1119 1109; x_wconf 86' lang='lat' dir='ltr'><strong>est</strong></span> <span class='ocrx_word' id='word_1_525' title='bbox 1139 1087 1165 1108; x_wconf 89' lang='lat' dir='ltr'><strong>ut</strong></span> <span class='ocrx_word' id='word_1_526' title='bbox 1189 1086 1304 1108; x_wconf 77' lang='lat' dir='ltr'><strong>rerertar</strong></span> <span class='ocrx_word' id='word_1_527' title='bbox 1317 1081 1351 1107; x_wconf 82' lang='lat' dir='ltr'><strong>ad</strong></span> <span class='ocrx_word' id='word_1_528' title='bbox 1375 1089 1434 1107; x_wconf 82' lang='lat' dir='ltr'><strong>eum</strong></span> <span class='ocrx_word' id='word_1_529' title='bbox 1459 1080 1504 1115; x_wconf 83' lang='lat' dir='ltr'><strong>qui</strong></span> <span class='ocrx_word' id='word_1_530' title='bbox 1519 1088 1559 1106; x_wconf 88' lang='lat' dir='ltr'><strong>me</strong></span> <span class='ocrx_word' id='word_1_531' title='bbox 1585 1080 1656 1106; x_wconf 80' lang='lat' dir='ltr'><strong>misi!</strong></span> <span class='ocrx_word' id='word_1_532' title='bbox 1673 1079 1704 1115; x_wconf 85' lang='lat'><strong>.&#39;]</strong></span> <span class='ocrx_word' id='word_1_533' title='bbox 1730 1080 1880 1111; x_wconf 73' lang='lat' dir='ltr'><strong>secundus,</strong></span> 
     </span>
    </p>
   </div>
   <div class='ocr_carea' id='block_1_80' title="bbox 1084 1125 1882 1163">
    <p class='ocr_par' dir='ltr' id='par_1_80' title="bbox 1084 1125 1882 1163">
     <span class='ocr_line' id='line_1_80' title="bbox 1084 1125 1882 1163; baseline -0.004 -9"><span class='ocrx_word' id='word_1_534' title='bbox 1084 1126 1159 1163; x_wconf 88' lang='lat' dir='ltr'><strong>[Non</strong></span> <span class='ocrx_word' id='word_1_535' title='bbox 1170 1127 1289 1154; x_wconf 86' lang='lat' dir='ltr'><strong>turbetur</strong></span> <span class='ocrx_word' id='word_1_536' title='bbox 1299 1135 1344 1153; x_wconf 84' lang='lat' dir='ltr'><strong>cor</strong></span> <span class='ocrx_word' id='word_1_537' title='bbox 1355 1131 1466 1153; x_wconf 64' lang='lat' dir='ltr'><strong>uestrum</strong></span> <span class='ocrx_word' id='word_1_538' title='bbox 1478 1134 1486 1152; x_wconf 87' lang='lat'><em>:</em></span> <span class='ocrx_word' id='word_1_539' title='bbox 1498 1125 1506 1162; x_wconf 86' lang='lat'>]</span> <span class='ocrx_word' id='word_1_540' title='bbox 1519 1126 1629 1157; x_wconf 87' lang='lat' dir='ltr'><strong>tertius,</strong></span> <span class='ocrx_word' id='word_1_541' title='bbox 1642 1125 1713 1161; x_wconf 64' lang='lat' dir='ltr'><strong>[Non</strong></span> <span class='ocrx_word' id='word_1_542' title='bbox 1726 1126 1882 1160; x_wconf 68' lang='lat' dir='ltr'><strong>relinquam</strong></span> 
     </span>
    </p>
   </div>
   <div class='ocr_carea' id='block_1_81' title="bbox 1082 1172 1885 1209">
    <p class='ocr_par' dir='ltr' id='par_1_81' title="bbox 1082 1172 1885 1209">
     <span class='ocr_line' id='line_1_81' title="bbox 1082 1172 1885 1209; baseline -0.004 -7"><span class='ocrx_word' id='word_1_543' title='bbox 1082 1183 1126 1202; x_wconf 75' lang='lat' dir='ltr'><strong>vos</strong></span> <span class='ocrx_word' id='word_1_544' title='bbox 1148 1173 1302 1209; x_wconf 83' lang='lat' dir='ltr'><strong>orplmnos.]</strong></span> <span class='ocrx_word' id='word_1_545' title='bbox 1319 1173 1370 1200; x_wconf 82' lang='lat' dir='ltr'><strong>Per</strong></span> <span class='ocrx_word' id='word_1_546' title='bbox 1385 1173 1450 1201; x_wconf 88' lang='lat' dir='ltr'><strong>istos</strong></span> <span class='ocrx_word' id='word_1_547' title='bbox 1472 1177 1527 1200; x_wconf 87' lang='lat' dir='ltr'><strong>tres</strong></span> <span class='ocrx_word' id='word_1_548' title='bbox 1546 1172 1718 1200; x_wconf 86' lang='lat' dir='ltr'><strong>consolantur</strong></span> <span class='ocrx_word' id='word_1_549' title='bbox 1732 1173 1821 1199; x_wconf 65' lang='lat' dir='ltr'><strong>corda</strong></span> <span class='ocrx_word' id='word_1_550' title='bbox 1839 1173 1885 1199; x_wconf 86' lang='lat' dir='ltr'><strong>di-</strong></span> 
     </span>
    </p>
   </div>
   <div class='ocr_carea' id='block_1_82' title="bbox 1082 1219 1882 1255">
    <p class='ocr_par' dir='ltr' id='par_1_82' title="bbox 1082 1219 1882 1255">
     <span class='ocr_line' id='line_1_82' title="bbox 1082 1219 1882 1255; baseline -0.001 -8"><span class='ocrx_word' id='word_1_551' title='bbox 1082 1220 1257 1255; x_wconf 76' lang='lat' dir='ltr'><strong>scipulorum,</strong></span> <span class='ocrx_word' id='word_1_552' title='bbox 1282 1228 1315 1247; x_wconf 90' lang='lat' dir='ltr'><strong>ne</strong></span> <span class='ocrx_word' id='word_1_553' title='bbox 1344 1220 1540 1247; x_wconf 87' lang='lat' dir='ltr'><strong>conturbentur</strong></span> <span class='ocrx_word' id='word_1_554' title='bbox 1559 1219 1593 1247; x_wconf 88' lang='lat' dir='ltr'><strong>de</strong></span> <span class='ocrx_word' id='word_1_555' title='bbox 1617 1219 1675 1254; x_wconf 83' lang='lat' dir='ltr'><strong>ejus</strong></span> <span class='ocrx_word' id='word_1_556' title='bbox 1696 1219 1882 1252; x_wconf 64' lang='lat' dir='ltr'><strong>Ascensloue,</strong></span> 
     </span>
    </p>
   </div>
   <div class='ocr_carea' id='block_1_83' title="bbox 1083 1266 1880 1302">
    <p class='ocr_par' dir='ltr' id='par_1_83' title="bbox 1083 1266 1880 1302">
     <span class='ocr_line' id='line_1_83' title="bbox 1083 1266 1880 1302; baseline -0.001 -8"><span class='ocrx_word' id='word_1_557' title='bbox 1083 1275 1145 1295; x_wconf 86' lang='lat' dir='ltr'><strong>cum</strong></span> <span class='ocrx_word' id='word_1_558' title='bbox 1161 1267 1218 1301; x_wconf 79' lang='lat' dir='ltr'><strong>ejus</strong></span> <span class='ocrx_word' id='word_1_559' title='bbox 1234 1267 1366 1294; x_wconf 81' lang='lat' dir='ltr'><strong>adventus</strong></span> <span class='ocrx_word' id='word_1_560' title='bbox 1377 1266 1470 1302; x_wconf 91' lang='lat' dir='ltr'><strong>procul</strong></span> <span class='ocrx_word' id='word_1_561' title='bbox 1483 1267 1564 1294; x_wconf 90' lang='lat' dir='ltr'><strong>dubio</strong></span> <span class='ocrx_word' id='word_1_562' title='bbox 1576 1267 1674 1294; x_wconf 89' lang='lat' dir='ltr'><strong>iterum</strong></span> <span class='ocrx_word' id='word_1_563' title='bbox 1690 1267 1880 1301; x_wconf 80' lang='lat' dir='ltr'><strong>promittatur,</strong></span> 
     </span>
    </p>
   </div>
   <div class='ocr_carea' id='block_1_84' title="bbox 1081 1313 1880 1350">
    <p class='ocr_par' dir='ltr' id='par_1_84' title="bbox 1081 1313 1880 1350">
     <span class='ocr_line' id='line_1_84' title="bbox 1081 1313 1880 1350; baseline -0.001 -9"><span class='ocrx_word' id='word_1_564' title='bbox 1081 1318 1143 1350; x_wconf 87' lang='lat' dir='ltr'><strong>post</strong></span> <span class='ocrx_word' id='word_1_565' title='bbox 1163 1314 1254 1341; x_wconf 88' lang='lat' dir='ltr'><strong>decem</strong></span> <span class='ocrx_word' id='word_1_566' title='bbox 1284 1313 1350 1340; x_wconf 89' lang='lat' dir='ltr'><strong>dies.</strong></span> <span class='ocrx_word' id='word_1_567' title='bbox 1378 1313 1406 1340; x_wconf 92' lang='lat' dir='ltr'><strong>ln</strong></span> <span class='ocrx_word' id='word_1_568' title='bbox 1432 1317 1529 1348; x_wconf 89' lang='lat' dir='ltr'><strong>quarto</strong></span> <span class='ocrx_word' id='word_1_569' title='bbox 1554 1314 1743 1348; x_wconf 81' lang='lat' dir='ltr'><strong>responsorio,</strong></span> <span class='ocrx_word' id='word_1_570' title='bbox 1767 1313 1794 1340; x_wconf 89' lang='lat' dir='ltr'><strong>id</strong></span> <span class='ocrx_word' id='word_1_571' title='bbox 1823 1317 1880 1346; x_wconf 77' lang='lat' dir='ltr'><strong>est,</strong></span> 
     </span>
    </p>
   </div>
   <div class='ocr_carea' id='block_1_85' title="bbox 1083 1359 1880 1393">
    <p class='ocr_par' dir='ltr' id='par_1_85' title="bbox 1083 1359 1880 1393">
     <span class='ocr_line' id='line_1_85' title="bbox 1083 1359 1880 1393; baseline -0.001 -5"><span class='ocrx_word' id='word_1_572' title='bbox 1083 1361 1220 1393; x_wconf 73' lang='lat' dir='ltr'><strong>Ea‘altare,</strong></span> <span class='ocrx_word' id='word_1_573' title='bbox 1236 1360 1357 1393; x_wconf 79' lang='lat' dir='ltr'><strong>Domine.</strong></span> <span class='ocrx_word' id='word_1_574' title='bbox 1373 1360 1400 1387; x_wconf 86' lang='lat' dir='ltr'><strong>in</strong></span> <span class='ocrx_word' id='word_1_575' title='bbox 1415 1359 1507 1387; x_wconf 78' lang='lat' dir='ltr'><strong>rirtulc</strong></span> <span class='ocrx_word' id='word_1_576' title='bbox 1523 1365 1580 1392; x_wconf 85' lang='lat' dir='ltr'><strong>tua,</strong></span> <span class='ocrx_word' id='word_1_577' title='bbox 1592 1364 1634 1388; x_wconf 86' lang='lat' dir='ltr'><strong>est</strong></span> <span class='ocrx_word' id='word_1_578' title='bbox 1649 1360 1783 1388; x_wconf 90' lang='lat' dir='ltr'><strong>allocutio</strong></span> <span class='ocrx_word' id='word_1_579' title='bbox 1797 1360 1880 1387; x_wconf 83' lang='lat' dir='ltr'><strong>disci-</strong></span> 
     </span>
    </p>
   </div>
   <div class='ocr_carea' id='block_1_86' title="bbox 1082 1406 1880 1443">
    <p class='ocr_par' dir='ltr' id='par_1_86' title="bbox 1082 1406 1880 1443">
     <span class='ocr_line' id='line_1_86' title="bbox 1082 1406 1880 1443; baseline 0.001 -9"><span class='ocrx_word' id='word_1_580' title='bbox 1082 1407 1218 1443; x_wconf 91' lang='lat' dir='ltr'><strong>pulorum,</strong></span> <span class='ocrx_word' id='word_1_581' title='bbox 1243 1408 1276 1435; x_wconf 91' lang='lat' dir='ltr'><strong>ad</strong></span> <span class='ocrx_word' id='word_1_582' title='bbox 1290 1406 1427 1434; x_wconf 85' lang='lat' dir='ltr'><strong>Christum</strong></span> <span class='ocrx_word' id='word_1_583' title='bbox 1450 1406 1496 1434; x_wconf 89' lang='lat' dir='ltr'><strong>illo</strong></span> <span class='ocrx_word' id='word_1_584' title='bbox 1521 1414 1620 1443; x_wconf 79' lang='lat' dir='ltr'><strong>genere</strong></span> <span class='ocrx_word' id='word_1_585' title='bbox 1646 1407 1811 1440; x_wconf 77' lang='lat' dir='ltr'><strong>locutionis,</strong></span> <span class='ocrx_word' id='word_1_586' title='bbox 1827 1415 1880 1442; x_wconf 82' lang='lat' dir='ltr'><strong>quo</strong></span> 
     </span>
    </p>
   </div>
   <div class='ocr_carea' id='block_1_87' title="bbox 1082 1453 1877 1489">
    <p class='ocr_par' dir='ltr' id='par_1_87' title="bbox 1082 1453 1877 1489">
     <span class='ocr_line' id='line_1_87' title="bbox 1082 1453 1877 1489; baseline 0 -8"><span class='ocrx_word' id='word_1_587' title='bbox 1082 1459 1170 1481; x_wconf 89' lang='lat' dir='ltr'><strong>mater</strong></span> <span class='ocrx_word' id='word_1_588' title='bbox 1180 1453 1301 1480; x_wconf 88' lang='lat' dir='ltr'><strong>Ecclesia</strong></span> <span class='ocrx_word' id='word_1_589' title='bbox 1311 1453 1457 1489; x_wconf 75' lang='lat' dir='ltr'><strong>przelocuta</strong></span> <span class='ocrx_word' id='word_1_590' title='bbox 1468 1458 1511 1480; x_wconf 91' lang='lat' dir='ltr'><strong>est</strong></span> <span class='ocrx_word' id='word_1_591' title='bbox 1522 1453 1548 1480; x_wconf 92' lang='lat' dir='ltr'><strong>in</strong></span> <span class='ocrx_word' id='word_1_592' title='bbox 1560 1453 1682 1481; x_wconf 87' lang='lat' dir='ltr'><strong>Canticis</strong></span> <span class='ocrx_word' id='word_1_593' title='bbox 1694 1455 1877 1487; x_wconf 79' lang='lat' dir='ltr'><strong>canticorum,</strong></span> 
     </span>
    </p>
   </div>
   <div class='ocr_carea' id='block_1_88' title="bbox 1082 1498 1879 1535">
    <p class='ocr_par' dir='ltr' id='par_1_88' title="bbox 1082 1498 1879 1535">
     <span class='ocr_line' id='line_1_88' title="bbox 1082 1498 1879 1535; baseline 0 -10"><span class='ocrx_word' id='word_1_594' title='bbox 1082 1498 1169 1534; x_wconf 82' lang='lat' dir='ltr'><strong>Fuge,</strong></span> <span class='ocrx_word' id='word_1_595' title='bbox 1191 1498 1285 1526; x_wconf 85' lang='lat' dir='ltr'><strong>dilecte</strong></span> <span class='ocrx_word' id='word_1_596' title='bbox 1299 1499 1345 1531; x_wconf 72' lang='lat' dir='ltr'><strong>uti,</strong></span> <span class='ocrx_word' id='word_1_597' title='bbox 1361 1498 1510 1525; x_wconf 76' lang='lat' dir='ltr'><strong>assintilare</strong></span> <span class='ocrx_word' id='word_1_598' title='bbox 1531 1507 1633 1533; x_wconf 60' lang='lat' dir='ltr'><strong>caprea’</strong></span> <span class='ocrx_word' id='word_1_599' title='bbox 1646 1499 1815 1535; x_wconf 70' lang='lat' dir='ltr'><strong>[tinnulaque</strong></span> <span class='ocrx_word' id='word_1_600' title='bbox 1827 1508 1879 1525; x_wconf 78' lang='lat' dir='ltr'><strong>cer-</strong></span> 
     </span>
    </p>
   </div>
   <div class='ocr_carea' id='block_1_89' title="bbox 1082 1544 1878 1580">
    <p class='ocr_par' dir='ltr' id='par_1_89' title="bbox 1082 1544 1878 1580">
     <span class='ocr_line' id='line_1_89' title="bbox 1082 1544 1878 1580; baseline -0.003 -8"><span class='ocrx_word' id='word_1_601' title='bbox 1082 1553 1172 1573; x_wconf 79' lang='lat' dir='ltr'><strong>vorum</strong></span> <span class='ocrx_word' id='word_1_602' title='bbox 1188 1553 1267 1580; x_wconf 76' lang='lat' dir='ltr'><strong>super</strong></span> <span class='ocrx_word' id='word_1_603' title='bbox 1288 1548 1386 1572; x_wconf 80' lang='lat' dir='ltr'><strong>montes</strong></span> <span class='ocrx_word' id='word_1_604' title='bbox 1409 1549 1578 1571; x_wconf 78' lang='lat' dir='ltr'><strong>aromatum:</strong></span> <span class='ocrx_word' id='word_1_605' title='bbox 1594 1552 1628 1571; x_wconf 87' lang='lat' dir='ltr'><strong>ac</strong></span> <span class='ocrx_word' id='word_1_606' title='bbox 1641 1544 1666 1572; x_wconf 86' lang='lat' dir='ltr'><strong>si</strong></span> <span class='ocrx_word' id='word_1_607' title='bbox 1687 1545 1763 1572; x_wconf 84' lang='lat' dir='ltr'><strong>dicat</strong></span> <span class='ocrx_word' id='word_1_608' title='bbox 1780 1555 1787 1570; x_wconf 89' lang='lat'><strong>:</strong></span> <span class='ocrx_word' id='word_1_609' title='bbox 1810 1545 1878 1578; x_wconf 83' lang='lat' dir='ltr'><strong>Quo-</strong></span> 
     </span>
    </p>
   </div>
   <div class='ocr_carea' id='block_1_90' title="bbox 1082 1590 1880 1625">
    <p class='ocr_par' dir='ltr' id='par_1_90' title="bbox 1082 1590 1880 1625">
     <span class='ocr_line' id='line_1_90' title="bbox 1082 1590 1880 1625; baseline 0 -8"><span class='ocrx_word' id='word_1_610' title='bbox 1082 1591 1157 1618; x_wconf 90' lang='lat' dir='ltr'><strong>niam</strong></span> <span class='ocrx_word' id='word_1_611' title='bbox 1177 1590 1290 1618; x_wconf 89' lang='lat' dir='ltr'><strong>docentc</strong></span> <span class='ocrx_word' id='word_1_612' title='bbox 1316 1594 1342 1617; x_wconf 89' lang='lat' dir='ltr'><strong>te</strong></span> <span class='ocrx_word' id='word_1_613' title='bbox 1361 1590 1507 1623; x_wconf 87' lang='lat' dir='ltr'><strong>credimus,</strong></span> <span class='ocrx_word' id='word_1_614' title='bbox 1531 1590 1594 1625; x_wconf 88' lang='lat' dir='ltr'><strong>quia</strong></span> <span class='ocrx_word' id='word_1_615' title='bbox 1613 1590 1699 1618; x_wconf 81' lang='lat' dir='ltr'><strong>existi</strong></span> <span class='ocrx_word' id='word_1_616' title='bbox 1721 1598 1738 1616; x_wconf 86' lang='lat' dir='ltr'><strong>a</strong></span> <span class='ocrx_word' id='word_1_617' title='bbox 1754 1590 1834 1617; x_wconf 75' lang='lat' dir='ltr'><strong>Patre</strong></span> <span class='ocrx_word' id='word_1_618' title='bbox 1851 1595 1880 1617; x_wconf 83' lang='lat' dir='ltr'><strong>et</strong></span> 
     </span>
    </p>
   </div>
   <div class='ocr_carea' id='block_1_91' title="bbox 1082 1636 1878 1672">
    <p class='ocr_par' dir='ltr' id='par_1_91' title="bbox 1082 1636 1878 1672">
     <span class='ocr_line' id='line_1_91' title="bbox 1082 1636 1878 1672; baseline 0.003 -10"><span class='ocrx_word' id='word_1_619' title='bbox 1082 1636 1180 1664; x_wconf 82' lang='lat' dir='ltr'><strong>venisti</strong></span> <span class='ocrx_word' id='word_1_620' title='bbox 1198 1636 1225 1663; x_wconf 92' lang='lat' dir='ltr'><strong>in</strong></span> <span class='ocrx_word' id='word_1_621' title='bbox 1249 1636 1389 1669; x_wconf 89' lang='lat' dir='ltr'><strong>mundum,</strong></span> <span class='ocrx_word' id='word_1_622' title='bbox 1416 1636 1463 1663; x_wconf 90' lang='lat' dir='ltr'><strong>ubi</strong></span> <span class='ocrx_word' id='word_1_623' title='bbox 1489 1644 1538 1672; x_wconf 88' lang='lat' dir='ltr'><strong>pro</strong></span> <span class='ocrx_word' id='word_1_624' title='bbox 1560 1636 1639 1664; x_wconf 88' lang='lat' dir='ltr'><strong>nobis</strong></span> <span class='ocrx_word' id='word_1_625' title='bbox 1664 1636 1755 1664; x_wconf 86' lang='lat' dir='ltr'><strong>multa</strong></span> <span class='ocrx_word' id='word_1_626' title='bbox 1774 1636 1878 1671; x_wconf 69' lang='lat' dir='ltr'><strong>ﬂagella</strong></span> 
     </span>
    </p>
   </div>
   <div class='ocr_carea' id='block_1_92' title="bbox 1081 1682 1880 1719">
    <p class='ocr_par' dir='ltr' id='par_1_92' title="bbox 1081 1682 1880 1719">
     <span class='ocr_line' id='line_1_92' title="bbox 1081 1682 1880 1719; baseline 0.001 -9"><span class='ocrx_word' id='word_1_627' title='bbox 1081 1691 1179 1719; x_wconf 84' lang='lat' dir='ltr'><strong>passus</strong></span> <span class='ocrx_word' id='word_1_628' title='bbox 1204 1690 1235 1710; x_wconf 91' lang='lat' dir='ltr'><strong>es</strong></span> <span class='ocrx_word' id='word_1_629' title='bbox 1259 1690 1273 1710; x_wconf 90' lang='lat' dir='ltr'><strong>a</strong></span> <span class='ocrx_word' id='word_1_630' title='bbox 1291 1682 1411 1717; x_wconf 80' lang='lat' dir='ltr'><strong>perﬁdis,</strong></span> <span class='ocrx_word' id='word_1_631' title='bbox 1430 1683 1477 1718; x_wconf 91' lang='lat' dir='ltr'><strong>qui</strong></span> <span class='ocrx_word' id='word_1_632' title='bbox 1501 1687 1563 1711; x_wconf 89' lang='lat' dir='ltr'><strong>sunt</strong></span> <span class='ocrx_word' id='word_1_633' title='bbox 1586 1684 1682 1710; x_wconf 87' lang='lat' dir='ltr'><strong>mundi</strong></span> <span class='ocrx_word' id='word_1_634' title='bbox 1697 1688 1838 1711; x_wconf 75' lang='lat' dir='ltr'><strong>amatores</strong></span> <span class='ocrx_word' id='word_1_635' title='bbox 1852 1688 1880 1711; x_wconf 85' lang='lat' dir='ltr'><strong>et</strong></span> 
     </span>
    </p>
   </div>
   <div class='ocr_carea' id='block_1_93' title="bbox 1082 1728 1878 1764">
    <p class='ocr_par' dir='ltr' id='par_1_93' title="bbox 1082 1728 1878 1764">
     <span class='ocr_line' id='line_1_93' title="bbox 1082 1728 1878 1764; baseline 0 -8"><span class='ocrx_word' id='word_1_636' title='bbox 1082 1737 1136 1757; x_wconf 92' lang='lat' dir='ltr'><strong>non</strong></span> <span class='ocrx_word' id='word_1_637' title='bbox 1151 1729 1225 1757; x_wconf 80' lang='lat' dir='ltr'><strong>fuiin</strong></span> <span class='ocrx_word' id='word_1_638' title='bbox 1241 1729 1390 1756; x_wconf 88' lang='lat' dir='ltr'><strong>honoratus</strong></span> <span class='ocrx_word' id='word_1_639' title='bbox 1403 1728 1430 1755; x_wconf 93' lang='lat' dir='ltr'><strong>in</strong></span> <span class='ocrx_word' id='word_1_640' title='bbox 1445 1729 1545 1756; x_wconf 90' lang='lat' dir='ltr'><strong>mundo</strong></span> <span class='ocrx_word' id='word_1_641' title='bbox 1558 1733 1588 1756; x_wconf 83' lang='lat' dir='ltr'><strong>ut</strong></span> <span class='ocrx_word' id='word_1_642' title='bbox 1604 1729 1707 1761; x_wconf 83' lang='lat' dir='ltr'><strong>decuit,</strong></span> <span class='ocrx_word' id='word_1_643' title='bbox 1723 1737 1797 1756; x_wconf 90' lang='lat' dir='ltr'><strong>nunc</strong></span> <span class='ocrx_word' id='word_1_644' title='bbox 1813 1737 1878 1764; x_wconf 75' lang='lat' dir='ltr'><strong>pra:-</strong></span> 
     </span>
    </p>
   </div>
   <div class='ocr_carea' id='block_1_94' title="bbox 1083 1775 1879 1808">
    <p class='ocr_par' dir='ltr' id='par_1_94' title="bbox 1083 1775 1879 1808">
     <span class='ocr_line' id='line_1_94' title="bbox 1083 1775 1879 1808; baseline 0.001 -6"><span class='ocrx_word' id='word_1_645' title='bbox 1083 1775 1178 1802; x_wconf 88' lang='lat' dir='ltr'><strong>scrtim</strong></span> <span class='ocrx_word' id='word_1_646' title='bbox 1190 1783 1251 1802; x_wconf 85' lang='lat' dir='ltr'><strong>cum</strong></span> <span class='ocrx_word' id='word_1_647' title='bbox 1265 1775 1417 1802; x_wconf 87' lang='lat' dir='ltr'><strong>audivimus</strong></span> <span class='ocrx_word' id='word_1_648' title='bbox 1428 1776 1479 1803; x_wconf 86' lang='lat' dir='ltr'><strong>abs</strong></span> <span class='ocrx_word' id='word_1_649' title='bbox 1495 1779 1521 1802; x_wconf 87' lang='lat' dir='ltr'><strong>te</strong></span> <span class='ocrx_word' id='word_1_650' title='bbox 1536 1776 1614 1803; x_wconf 91' lang='lat' dir='ltr'><strong>nobis</strong></span> <span class='ocrx_word' id='word_1_651' title='bbox 1632 1783 1747 1803; x_wconf 81' lang='lat' dir='ltr'><strong>necesse</strong></span> <span class='ocrx_word' id='word_1_652' title='bbox 1763 1783 1836 1808; x_wconf 80' lang='lat' dir='ltr'><strong>esse,</strong></span> <span class='ocrx_word' id='word_1_653' title='bbox 1851 1780 1879 1803; x_wconf 83' lang='lat' dir='ltr'><strong>ut</strong></span> 
     </span>
    </p>
   </div>
   <div class='ocr_carea' id='block_1_95' title="bbox 1083 1821 1880 1856">
    <p class='ocr_par' dir='ltr' id='par_1_95' title="bbox 1083 1821 1880 1856">
     <span class='ocr_line' id='line_1_95' title="bbox 1083 1821 1880 1856; baseline -0.001 -7"><span class='ocrx_word' id='word_1_654' title='bbox 1083 1829 1130 1849; x_wconf 88' lang='lat' dir='ltr'><strong>eas</strong></span> <span class='ocrx_word' id='word_1_655' title='bbox 1142 1826 1168 1849; x_wconf 90' lang='lat' dir='ltr'><strong>et</strong></span> <span class='ocrx_word' id='word_1_656' title='bbox 1180 1821 1273 1848; x_wconf 84' lang='lat' dir='ltr'><strong>mittas</strong></span> <span class='ocrx_word' id='word_1_657' title='bbox 1287 1821 1363 1848; x_wconf 90' lang='lat' dir='ltr'><strong>nobis</strong></span> <span class='ocrx_word' id='word_1_658' title='bbox 1386 1821 1555 1856; x_wconf 78' lang='lat' dir='ltr'><strong>paradetum</strong></span> <span class='ocrx_word' id='word_1_659' title='bbox 1567 1825 1655 1853; x_wconf 84' lang='lat' dir='ltr'><strong>tuum,</strong></span> <span class='ocrx_word' id='word_1_660' title='bbox 1665 1829 1732 1849; x_wconf 84' lang='lat' dir='ltr'><strong>cum</strong></span> <span class='ocrx_word' id='word_1_661' title='bbox 1746 1826 1773 1848; x_wconf 92' lang='lat' dir='ltr'><strong>te</strong></span> <span class='ocrx_word' id='word_1_662' title='bbox 1786 1822 1880 1848; x_wconf 81' lang='lat' dir='ltr'><strong>deceat</strong></span> 
     </span>
    </p>
   </div>
   <div class='ocr_carea' id='block_1_96' title="bbox 1083 1868 1879 1904">
    <p class='ocr_par' dir='ltr' id='par_1_96' title="bbox 1083 1868 1879 1904">
     <span class='ocr_line' id='line_1_96' title="bbox 1083 1868 1879 1904; baseline 0 -9"><span class='ocrx_word' id='word_1_663' title='bbox 1083 1868 1198 1904; x_wconf 87' lang='lat' dir='ltr'><strong>hymnus</strong></span> <span class='ocrx_word' id='word_1_664' title='bbox 1218 1868 1246 1895; x_wconf 93' lang='lat' dir='ltr'><strong>in</strong></span> <span class='ocrx_word' id='word_1_665' title='bbox 1273 1868 1337 1895; x_wconf 91' lang='lat' dir='ltr'><strong>Sion</strong></span> <span class='ocrx_word' id='word_1_666' title='bbox 1352 1868 1475 1903; x_wconf 83' lang='lat' dir='ltr'><strong>relinque</strong></span> <span class='ocrx_word' id='word_1_667' title='bbox 1490 1868 1630 1900; x_wconf 89' lang='lat' dir='ltr'><strong>mundum,</strong></span> <span class='ocrx_word' id='word_1_668' title='bbox 1644 1872 1673 1895; x_wconf 86' lang='lat' dir='ltr'><strong>et</strong></span> <span class='ocrx_word' id='word_1_669' title='bbox 1688 1868 1761 1896; x_wconf 84' lang='lat' dir='ltr'><strong>vade</strong></span> <span class='ocrx_word' id='word_1_670' title='bbox 1777 1868 1811 1895; x_wconf 87' lang='lat' dir='ltr'><strong>ad</strong></span> <span class='ocrx_word' id='word_1_671' title='bbox 1827 1868 1879 1896; x_wconf 83' lang='lat' dir='ltr'><strong>Pa-</strong></span> 
     </span>
    </p>
   </div>
   <div class='ocr_carea' id='block_1_97' title="bbox 1083 1914 1878 1949">
    <p class='ocr_par' dir='ltr' id='par_1_97' title="bbox 1083 1914 1878 1949">
     <span class='ocr_line' id='line_1_97' title="bbox 1083 1914 1878 1949; baseline 0.001 -8"><span class='ocrx_word' id='word_1_672' title='bbox 1083 1919 1162 1942; x_wconf 87' lang='lat' dir='ltr'><strong>trem.</strong></span> <span class='ocrx_word' id='word_1_673' title='bbox 1190 1914 1230 1942; x_wconf 90' lang='lat' dir='ltr'><strong>Tu</strong></span> <span class='ocrx_word' id='word_1_674' title='bbox 1244 1914 1407 1942; x_wconf 81' lang='lat' dir='ltr'><strong>exaltaheris</strong></span> <span class='ocrx_word' id='word_1_675' title='bbox 1422 1914 1449 1942; x_wconf 92' lang='lat' dir='ltr'><strong>in</strong></span> <span class='ocrx_word' id='word_1_676' title='bbox 1462 1914 1572 1947; x_wconf 87' lang='lat' dir='ltr'><strong>virtute,</strong></span> <span class='ocrx_word' id='word_1_677' title='bbox 1585 1914 1744 1949; x_wconf 82' lang='lat' dir='ltr'><strong>paradetus</strong></span> <span class='ocrx_word' id='word_1_678' title='bbox 1758 1920 1821 1942; x_wconf 88' lang='lat' dir='ltr'><strong>tuus</strong></span> <span class='ocrx_word' id='word_1_679' title='bbox 1834 1922 1878 1942; x_wconf 79' lang='lat' dir='ltr'><strong>ve-</strong></span> 
     </span>
    </p>
   </div>
   <div class='ocr_carea' id='block_1_98' title="bbox 1082 1960 1878 1996">
    <p class='ocr_par' dir='ltr' id='par_1_98' title="bbox 1082 1960 1878 1996">
     <span class='ocr_line' id='line_1_98' title="bbox 1082 1960 1878 1996; baseline 0.001 -9"><span class='ocrx_word' id='word_1_680' title='bbox 1082 1960 1147 1993; x_wconf 88' lang='lat' dir='ltr'><strong>niet,</strong></span> <span class='ocrx_word' id='word_1_681' title='bbox 1175 1964 1202 1987; x_wconf 93' lang='lat' dir='ltr'><strong>et</strong></span> <span class='ocrx_word' id='word_1_682' title='bbox 1231 1960 1338 1987; x_wconf 86' lang='lat' dir='ltr'><strong>docebit</strong></span> <span class='ocrx_word' id='word_1_683' title='bbox 1357 1967 1406 1988; x_wconf 90' lang='lat' dir='ltr'><strong>nos</strong></span> <span class='ocrx_word' id='word_1_684' title='bbox 1433 1960 1467 1988; x_wconf 87' lang='lat' dir='ltr'><strong>de</strong></span> <span class='ocrx_word' id='word_1_685' title='bbox 1496 1965 1542 1988; x_wconf 79' lang='lat' dir='ltr'><strong>tua</strong></span> <span class='ocrx_word' id='word_1_686' title='bbox 1556 1961 1769 1993; x_wconf 81' lang='lat' dir='ltr'><strong>clariﬁcatione,</strong></span> <span class='ocrx_word' id='word_1_687' title='bbox 1796 1969 1878 1996; x_wconf 82' lang='lat' dir='ltr'><strong>quam</strong></span> 
     </span>
    </p>
   </div>
   <div class='ocr_carea' id='block_1_99' title="bbox 1082 2006 1881 2042">
    <p class='ocr_par' dir='ltr' id='par_1_99' title="bbox 1082 2006 1881 2042">
     <span class='ocr_line' id='line_1_99' title="bbox 1082 2006 1881 2042; baseline 0.004 -9"><span class='ocrx_word' id='word_1_688' title='bbox 1082 2006 1166 2034; x_wconf 84' lang='lat' dir='ltr'><strong>habes</strong></span> <span class='ocrx_word' id='word_1_689' title='bbox 1190 2007 1260 2042; x_wconf 87' lang='lat' dir='ltr'><strong>apud</strong></span> <span class='ocrx_word' id='word_1_690' title='bbox 1279 2007 1389 2034; x_wconf 87' lang='lat' dir='ltr'><strong>Patrem</strong></span> <span class='ocrx_word' id='word_1_691' title='bbox 1405 2011 1480 2034; x_wconf 86' lang='lat' dir='ltr'><strong>tuum</strong></span> <span class='ocrx_word' id='word_1_692' title='bbox 1496 2016 1503 2034; x_wconf 89' lang='lat'>:</span> <span class='ocrx_word' id='word_1_693' title='bbox 1527 2008 1635 2035; x_wconf 88' lang='lat' dir='ltr'><strong>interim</strong></span> <span class='ocrx_word' id='word_1_694' title='bbox 1655 2009 1835 2036; x_wconf 81' lang='lat' dir='ltr'><strong>cantabimus</strong></span> <span class='ocrx_word' id='word_1_695' title='bbox 1853 2013 1881 2036; x_wconf 83' lang='lat' dir='ltr'><strong>et</strong></span> 
     </span>
    </p>
   </div>
   <div class='ocr_carea' id='block_1_100' title="bbox 1081 2053 1877 2090">
    <p class='ocr_par' dir='ltr' id='par_1_100' title="bbox 1081 2053 1877 2090">
     <span class='ocr_line' id='line_1_100' title="bbox 1081 2053 1877 2090; baseline 0.004 -11"><span class='ocrx_word' id='word_1_696' title='bbox 1081 2053 1227 2088; x_wconf 87' lang='lat' dir='ltr'><strong>psallemus</strong></span> <span class='ocrx_word' id='word_1_697' title='bbox 1242 2053 1366 2080; x_wconf 83' lang='lat' dir='ltr'><strong>Alleluia.</strong></span> <span class='ocrx_word' id='word_1_698' title='bbox 1392 2053 1456 2081; x_wconf 92' lang='lat' dir='ltr'><strong>Post</strong></span> <span class='ocrx_word' id='word_1_699' title='bbox 1469 2055 1540 2081; x_wconf 89' lang='lat' dir='ltr'><strong>hanc</strong></span> <span class='ocrx_word' id='word_1_700' title='bbox 1560 2055 1736 2082; x_wconf 77' lang='lat' dir='ltr'><strong>concordiam</strong></span> <span class='ocrx_word' id='word_1_701' title='bbox 1754 2055 1877 2090; x_wconf 78' lang='lat' dir='ltr'><strong>magistri</strong></span> 
     </span>
    </p>
   </div>
   <div class='ocr_carea' id='block_1_101' title="bbox 1082 2099 1876 2135">
    <p class='ocr_par' dir='ltr' id='par_1_101' title="bbox 1082 2099 1876 2135">
     <span class='ocr_line' id='line_1_101' title="bbox 1082 2099 1876 2135; baseline 0.005 -10"><span class='ocrx_word' id='word_1_702' title='bbox 1082 2103 1109 2125; x_wconf 89' lang='lat' dir='ltr'><strong>et</strong></span> <span class='ocrx_word' id='word_1_703' title='bbox 1133 2099 1336 2134; x_wconf 89' lang='lat' dir='ltr'><strong>discipulorum,</strong></span> <span class='ocrx_word' id='word_1_704' title='bbox 1365 2099 1491 2135; x_wconf 71' lang='lat' dir='ltr'><strong>Magister</strong></span> <span class='ocrx_word' id='word_1_705' title='bbox 1528 2100 1673 2135; x_wconf 88' lang='lat' dir='ltr'><strong>discipulos</strong></span> <span class='ocrx_word' id='word_1_706' title='bbox 1702 2102 1876 2129; x_wconf 77' lang='lat' dir='ltr'><strong>commendat</strong></span> 
     </span>
    </p>
   </div>
   <div class='ocr_carea' id='block_1_102' title="bbox 1081 2145 1875 2182">
    <p class='ocr_par' dir='ltr' id='par_1_102' title="bbox 1081 2145 1875 2182">
     <span class='ocr_line' id='line_1_102' title="bbox 1081 2145 1875 2182; baseline 0.004 -11"><span class='ocrx_word' id='word_1_707' title='bbox 1081 2145 1157 2172; x_wconf 88' lang='lat' dir='ltr'><strong>Patri</strong></span> <span class='ocrx_word' id='word_1_708' title='bbox 1175 2145 1203 2172; x_wconf 88' lang='lat' dir='ltr'><strong>in</strong></span> <span class='ocrx_word' id='word_1_709' title='bbox 1226 2145 1398 2180; x_wconf 89' lang='lat' dir='ltr'><strong>responsorio</strong></span> <span class='ocrx_word' id='word_1_710' title='bbox 1411 2146 1517 2180; x_wconf 84' lang='lat' dir='ltr'><strong>quinto.</strong></span> <span class='ocrx_word' id='word_1_711' title='bbox 1540 2146 1632 2179; x_wconf 80' lang='lat' dir='ltr'><strong>Pater,</strong></span> <span class='ocrx_word' id='word_1_712' title='bbox 1657 2146 1797 2182; x_wconf 76' lang='lat' dir='ltr'><strong>inquiens,</strong></span> <span class='ocrx_word' id='word_1_713' title='bbox 1819 2156 1875 2174; x_wconf 71' lang='grc' dir='ltr'><strong>τι·</strong></span> 
     </span>
    </p>
   </div>
   <div class='ocr_carea' id='block_1_103' title="bbox 1081 2189 1874 2227">
    <p class='ocr_par' dir='ltr' id='par_1_103' title="bbox 1081 2189 1874 2227">
     <span class='ocr_line' id='line_1_103' title="bbox 1081 2189 1874 2227; baseline 0.003 -9"><span class='ocrx_word' id='word_1_714' title='bbox 1081 2198 1163 2218; x_wconf 72' lang='lat' dir='ltr'><strong>essem</strong></span> <span class='ocrx_word' id='word_1_715' title='bbox 1176 2198 1234 2216; x_wconf 85' lang='lat' dir='ltr'><strong>cum</strong></span> <span class='ocrx_word' id='word_1_716' title='bbox 1247 2189 1295 2222; x_wconf 75' lang='lat' dir='ltr'><strong>eis,</strong></span> <span class='ocrx_word' id='word_1_717' title='bbox 1309 2198 1357 2226; x_wconf 79' lang='lat' dir='ltr'><strong>ego</strong></span> <span class='ocrx_word' id='word_1_718' title='bbox 1381 2191 1517 2218; x_wconf 65' lang='lat' dir='ltr'><strong>servabam</strong></span> <span class='ocrx_word' id='word_1_719' title='bbox 1541 2199 1584 2219; x_wconf 72' lang='lat' dir='ltr'><strong>eos</strong></span> <span class='ocrx_word' id='word_1_720' title='bbox 1603 2200 1670 2227; x_wconf 72' lang='lat' dir='ltr'><strong>quos</strong></span> <span class='ocrx_word' id='word_1_721' title='bbox 1689 2192 1790 2220; x_wconf 63' lang='lat' dir='ltr'><strong>dedidi</strong></span> <span class='ocrx_word' id='word_1_722' title='bbox 1801 2194 1874 2220; x_wconf 64' lang='lat' dir='ltr'><strong>mihi.</strong></span> 
     </span>
    </p>
   </div>
   <div class='ocr_carea' id='block_1_104' title="bbox 1081 2237 1873 2273">
    <p class='ocr_par' dir='ltr' id='par_1_104' title="bbox 1081 2237 1873 2273">
     <span class='ocr_line' id='line_1_104' title="bbox 1081 2237 1873 2273; baseline 0.003 -9"><span class='ocrx_word' id='word_1_723' title='bbox 1081 2237 1111 2265; x_wconf 86' lang='lat' dir='ltr'><strong>In</strong></span> <span class='ocrx_word' id='word_1_724' title='bbox 1127 2241 1244 2272; x_wconf 87' lang='lat' dir='ltr'><strong>quatuor</strong></span> <span class='ocrx_word' id='word_1_725' title='bbox 1258 2237 1433 2272; x_wconf 81' lang='lat' dir='ltr'><strong>sequentibus</strong></span> <span class='ocrx_word' id='word_1_726' title='bbox 1443 2242 1572 2265; x_wconf 85' lang='lat' dir='ltr'><strong>narratur</strong></span> <span class='ocrx_word' id='word_1_727' title='bbox 1595 2238 1653 2273; x_wconf 82' lang='lat' dir='ltr'><strong>ipsa</strong></span> <span class='ocrx_word' id='word_1_728' title='bbox 1672 2238 1807 2266; x_wconf 74' lang='lat' dir='ltr'><strong>Asoensio</strong></span> <span class='ocrx_word' id='word_1_729' title='bbox 1823 2239 1873 2266; x_wconf 86' lang='lat' dir='ltr'><strong>Do-</strong></span> 
     </span>
    </p>
   </div>
   <div class='ocr_carea' id='block_1_105' title="bbox 1080 2284 1869 2321">
    <p class='ocr_par' dir='ltr' id='par_1_105' title="bbox 1080 2284 1869 2321">
     <span class='ocr_line' id='line_1_105' title="bbox 1080 2284 1869 2321; baseline -0.001 -8"><span class='ocrx_word' id='word_1_730' title='bbox 1080 2285 1148 2313; x_wconf 86' lang='lat' dir='ltr'><strong>mini</strong></span> <span class='ocrx_word' id='word_1_731' title='bbox 1173 2285 1206 2312; x_wconf 89' lang='lat' dir='ltr'><strong>ad</strong></span> <span class='ocrx_word' id='word_1_732' title='bbox 1238 2284 1330 2312; x_wconf 82' lang='lat' dir='ltr'><strong>caelos.</strong></span> <span class='ocrx_word' id='word_1_733' title='bbox 1355 2284 1384 2312; x_wconf 87' lang='lat' dir='ltr'><strong>lu</strong></span> <span class='ocrx_word' id='word_1_734' title='bbox 1404 2285 1589 2320; x_wconf 86' lang='lat' dir='ltr'><strong>responsorio.</strong></span> <span class='ocrx_word' id='word_1_735' title='bbox 1619 2284 1698 2321; x_wconf 70' lang='lat' dir='ltr'><strong>[Post</strong></span> <span class='ocrx_word' id='word_1_736' title='bbox 1726 2287 1869 2321; x_wconf 68' lang='lat' dir='ltr'><strong>passione-</strong></span> 
     </span>
    </p>
   </div>
   <div class='ocr_carea' id='block_1_106' title="bbox 1081 2330 1872 2367">
    <p class='ocr_par' dir='ltr' id='par_1_106' title="bbox 1081 2330 1872 2367">
     <span class='ocr_line' id='line_1_106' title="bbox 1081 2330 1872 2367; baseline 0.001 -9"><span class='ocrx_word' id='word_1_737' title='bbox 1081 2330 1182 2367; x_wconf 80' lang='lat' dir='ltr'><strong>suam,]</strong></span> <span class='ocrx_word' id='word_1_738' title='bbox 1205 2331 1325 2366; x_wconf 89' lang='lat' dir='ltr'><strong>loquitur</strong></span> <span class='ocrx_word' id='word_1_739' title='bbox 1346 2338 1462 2365; x_wconf 75' lang='lat' dir='ltr'><strong>persona</strong></span> <span class='ocrx_word' id='word_1_740' title='bbox 1482 2334 1626 2358; x_wconf 77' lang='lat' dir='ltr'><strong>cantorum</strong></span> <span class='ocrx_word' id='word_1_741' title='bbox 1645 2331 1680 2358; x_wconf 86' lang='lat' dir='ltr'><strong>ad</strong></span> <span class='ocrx_word' id='word_1_742' title='bbox 1701 2332 1872 2362; x_wconf 78' lang='lat' dir='ltr'><strong>concionem.</strong></span> 
     </span>
    </p>
   </div>
   <div class='ocr_carea' id='block_1_107' title="bbox 1082 2376 1874 2405">
    <p class='ocr_par' dir='ltr' id='par_1_107' title="bbox 1082 2376 1874 2405">
     <span class='ocr_line' id='line_1_107' title="bbox 1082 2376 1874 2405; baseline 0.001 -1"><span class='ocrx_word' id='word_1_743' title='bbox 1082 2385 1197 2404; x_wconf 89' lang='lat' dir='ltr'><strong>narrans</strong></span> <span class='ocrx_word' id='word_1_744' title='bbox 1211 2377 1236 2404; x_wconf 89' lang='lat' dir='ltr'><strong>ei</strong></span> <span class='ocrx_word' id='word_1_745' title='bbox 1251 2376 1375 2404; x_wconf 87' lang='lat' dir='ltr'><strong>ordinem</strong></span> <span class='ocrx_word' id='word_1_746' title='bbox 1387 2376 1488 2404; x_wconf 90' lang='lat' dir='ltr'><strong>Christi</strong></span> <span class='ocrx_word' id='word_1_747' title='bbox 1504 2377 1682 2405; x_wconf 84' lang='lat' dir='ltr'><strong>ascensionis.</strong></span> <span class='ocrx_word' id='word_1_748' title='bbox 1700 2377 1728 2404; x_wconf 77' lang='lat' dir='ltr'><strong>in</strong></span> <span class='ocrx_word' id='word_1_749' title='bbox 1753 2377 1874 2405; x_wconf 77' lang='lat' dir='ltr'><strong>Romano</strong></span> 
     </span>
    </p>
   </div>
   <div class='ocr_carea' id='block_1_108' title="bbox 1081 2423 1875 2459">
    <p class='ocr_par' dir='ltr' id='par_1_108' title="bbox 1081 2423 1875 2459">
     <span class='ocr_line' id='line_1_108' title="bbox 1081 2423 1875 2459; baseline 0.001 -9"><span class='ocrx_word' id='word_1_750' title='bbox 1081 2423 1279 2457; x_wconf 81' lang='lat' dir='ltr'><strong>Antiphonario</strong></span> <span class='ocrx_word' id='word_1_751' title='bbox 1302 2423 1392 2458; x_wconf 83' lang='lat' dir='ltr'><strong>reperi</strong></span> <span class='ocrx_word' id='word_1_752' title='bbox 1416 2424 1619 2458; x_wconf 77' lang='lat' dir='ltr'><strong>responsorium</strong></span> <span class='ocrx_word' id='word_1_753' title='bbox 1642 2424 1787 2459; x_wconf 57' lang='lat' dir='ltr'><strong>sorbum,</strong></span> <span class='ocrx_word' id='word_1_754' title='bbox 1819 2424 1875 2451; x_wconf 73' lang='lat' dir='ltr'><strong>Vin‘</strong></span> 
     </span>
    </p>
   </div>
   <div class='ocr_carea' id='block_1_109' title="bbox 1082 2469 1876 2505">
    <p class='ocr_par' dir='ltr' id='par_1_109' title="bbox 1082 2469 1876 2505">
     <span class='ocr_line' id='line_1_109' title="bbox 1082 2469 1876 2505; baseline 0.001 -8"><span class='ocrx_word' id='word_1_755' title='bbox 1082 2469 1198 2503; x_wconf 71' lang='lat' dir='ltr'><strong>Galilwi,</strong></span> <span class='ocrx_word' id='word_1_756' title='bbox 1216 2478 1297 2505; x_wconf 87' lang='lat' dir='ltr'><strong>quem</strong></span> <span class='ocrx_word' id='word_1_757' title='bbox 1312 2478 1361 2498; x_wconf 88' lang='lat' dir='ltr'><strong>nos</strong></span> <span class='ocrx_word' id='word_1_758' title='bbox 1373 2478 1426 2498; x_wconf 90' lang='lat' dir='ltr'><strong>non</strong></span> <span class='ocrx_word' id='word_1_759' title='bbox 1436 2470 1523 2505; x_wconf 74' lang='lat' dir='ltr'><strong>piguit</strong></span> <span class='ocrx_word' id='word_1_760' title='bbox 1538 2474 1633 2499; x_wconf 81' lang='lat' dir='ltr'><strong>notare</strong></span> <span class='ocrx_word' id='word_1_761' title='bbox 1645 2470 1672 2497; x_wconf 76' lang='lat' dir='ltr'><strong>in</strong></span> <span class='ocrx_word' id='word_1_762' title='bbox 1687 2476 1786 2498; x_wconf 76' lang='lat' dir='ltr'><strong>nostro</strong></span> <span class='ocrx_word' id='word_1_763' title='bbox 1798 2470 1876 2498; x_wconf 77' lang='lat' dir='ltr'><strong>Anti-</strong></span> 
     </span>
    </p>
   </div>
   <div class='ocr_carea' id='block_1_110' title="bbox 1082 2515 1876 2551">
    <p class='ocr_par' dir='ltr' id='par_1_110' title="bbox 1082 2515 1876 2551">
     <span class='ocr_line' id='line_1_110' title="bbox 1082 2515 1876 2551; baseline 0.001 -8"><span class='ocrx_word' id='word_1_764' title='bbox 1082 2517 1224 2551; x_wconf 83' lang='lat' dir='ltr'><strong>phonario.</strong></span> <span class='ocrx_word' id='word_1_765' title='bbox 1241 2515 1270 2543; x_wconf 89' lang='lat' dir='ltr'><strong>Si</strong></span> <span class='ocrx_word' id='word_1_766' title='bbox 1283 2516 1344 2551; x_wconf 90' lang='lat' dir='ltr'><strong>quis</strong></span> <span class='ocrx_word' id='word_1_767' title='bbox 1355 2516 1470 2543; x_wconf 70' lang='lat' dir='ltr'><strong>voluerit</strong></span> <span class='ocrx_word' id='word_1_768' title='bbox 1480 2524 1544 2544; x_wconf 87' lang='lat' dir='ltr'><strong>eum</strong></span> <span class='ocrx_word' id='word_1_769' title='bbox 1557 2520 1669 2544; x_wconf 74' lang='lat' dir='ltr'><strong>cantare</strong></span> <span class='ocrx_word' id='word_1_770' title='bbox 1681 2517 1756 2544; x_wconf 84' lang='lat' dir='ltr'><strong>inter</strong></span> <span class='ocrx_word' id='word_1_771' title='bbox 1766 2522 1876 2544; x_wconf 77' lang='lat' dir='ltr'><strong>noctur-</strong></span> 
     </span>
    </p>
   </div>
   <div class='ocr_carea' id='block_1_111' title="bbox 1081 2561 1875 2597">
    <p class='ocr_par' dir='ltr' id='par_1_111' title="bbox 1081 2561 1875 2597">
     <span class='ocr_line' id='line_1_111' title="bbox 1081 2561 1875 2597; baseline 0.004 -10"><span class='ocrx_word' id='word_1_772' title='bbox 1081 2561 1157 2588; x_wconf 88' lang='lat' dir='ltr'><strong>nales</strong></span> <span class='ocrx_word' id='word_1_773' title='bbox 1177 2561 1374 2595; x_wconf 84' lang='lat' dir='ltr'><strong>responsorios,</strong></span> <span class='ocrx_word' id='word_1_774' title='bbox 1390 2561 1472 2589; x_wconf 85' lang='lat' dir='ltr'><strong>habet</strong></span> <span class='ocrx_word' id='word_1_775' title='bbox 1484 2569 1546 2589; x_wconf 91' lang='lat' dir='ltr'><strong>eum</strong></span> <span class='ocrx_word' id='word_1_776' title='bbox 1557 2566 1665 2597; x_wconf 62' lang='lat' dir='ltr'><strong>praesto.</strong></span> <span class='ocrx_word' id='word_1_777' title='bbox 1676 2561 1706 2589; x_wconf 80' lang='lat' dir='ltr'><strong>In</strong></span> <span class='ocrx_word' id='word_1_778' title='bbox 1725 2563 1875 2590; x_wconf 80' lang='lat' dir='ltr'><strong>novissimo</strong></span> 
     </span>
    </p>
   </div>
   <div class='ocr_carea' id='block_1_112' title="bbox 1080 2605 1875 2642">
    <p class='ocr_par' dir='ltr' id='par_1_112' title="bbox 1080 2605 1875 2642">
     <span class='ocr_line' id='line_1_112' title="bbox 1080 2605 1875 2642; baseline 0.001 -8"><span class='ocrx_word' id='word_1_779' title='bbox 1080 2606 1174 2634; x_wconf 89' lang='lat' dir='ltr'><strong>ordine</strong></span> <span class='ocrx_word' id='word_1_780' title='bbox 1208 2606 1313 2642; x_wconf 88' lang='lat' dir='ltr'><strong>positus</strong></span> <span class='ocrx_word' id='word_1_781' title='bbox 1337 2611 1390 2640; x_wconf 83' lang='lat' dir='ltr'><strong>est,</strong></span> <span class='ocrx_word' id='word_1_782' title='bbox 1417 2605 1521 2642; x_wconf 73' lang='lat' dir='ltr'><strong>[Omnia</strong></span> <span class='ocrx_word' id='word_1_783' title='bbox 1554 2607 1725 2642; x_wconf 70' lang='lat' dir='ltr'><strong>pulchritudo</strong></span> <span class='ocrx_word' id='word_1_784' title='bbox 1754 2608 1875 2638; x_wconf 71' lang='grc' dir='ltr'><strong>Βοσιίιιὶ.</strong></span> 
     </span>
    </p>
   </div>
   <div class='ocr_carea' id='block_1_113' title="bbox 1080 2651 1875 2689">
    <p class='ocr_par' dir='ltr' id='par_1_113' title="bbox 1080 2651 1875 2689">
     <span class='ocr_line' id='line_1_113' title="bbox 1080 2651 1875 2689; baseline 0.003 -9"><span class='ocrx_word' id='word_1_785' title='bbox 1080 2651 1197 2680; x_wconf 74' lang='lat' dir='ltr'><strong>exaltata</strong></span> <span class='ocrx_word' id='word_1_786' title='bbox 1218 2656 1255 2679; x_wconf 83' lang='lat' dir='ltr'><strong>est</strong></span> <span class='ocrx_word' id='word_1_787' title='bbox 1270 2661 1349 2687; x_wconf 74' lang='lat' dir='ltr'><strong>super</strong></span> <span class='ocrx_word' id='word_1_788' title='bbox 1373 2653 1486 2689; x_wconf 72' lang='lat' dir='ltr'><strong>sidera.]</strong></span> <span class='ocrx_word' id='word_1_789' title='bbox 1497 2653 1600 2682; x_wconf 80' lang='lat' dir='ltr'><strong>Christi</strong></span> <span class='ocrx_word' id='word_1_790' title='bbox 1620 2661 1720 2688; x_wconf 74' lang='lat' dir='ltr'><strong>corpus</strong></span> <span class='ocrx_word' id='word_1_791' title='bbox 1729 2654 1789 2689; x_wconf 85' lang='lat' dir='ltr'><strong>jam</strong></span> <span class='ocrx_word' id='word_1_792' title='bbox 1804 2655 1832 2682; x_wconf 82' lang='lat' dir='ltr'><strong>in</strong></span> <span class='ocrx_word' id='word_1_793' title='bbox 1846 2662 1875 2682; x_wconf 84' lang='lat' dir='ltr'><strong>re</strong></span> 
     </span>
    </p>
   </div>
   <div class='ocr_carea' id='block_1_114' title="bbox 1079 2700 1874 2737">
    <p class='ocr_par' dir='ltr' id='par_1_114' title="bbox 1079 2700 1874 2737">
     <span class='ocr_line' id='line_1_114' title="bbox 1079 2700 1874 2737; baseline 0.003 -10"><span class='ocrx_word' id='word_1_794' title='bbox 1079 2700 1229 2728; x_wconf 79' lang='lat' dir='ltr'><strong>exaltatum</strong></span> <span class='ocrx_word' id='word_1_795' title='bbox 1251 2705 1294 2728; x_wconf 84' lang='lat' dir='ltr'><strong>est</strong></span> <span class='ocrx_word' id='word_1_796' title='bbox 1305 2708 1387 2736; x_wconf 78' lang='lat' dir='ltr'><strong>super</strong></span> <span class='ocrx_word' id='word_1_797' title='bbox 1407 2701 1498 2729; x_wconf 87' lang='lat' dir='ltr'><strong>sidera</strong></span> <span class='ocrx_word' id='word_1_798' title='bbox 1512 2709 1519 2728; x_wconf 87' lang='lat'><strong>:</strong></span> <span class='ocrx_word' id='word_1_799' title='bbox 1531 2701 1651 2729; x_wconf 81' lang='lat' dir='ltr'><strong>membra</strong></span> <span class='ocrx_word' id='word_1_800' title='bbox 1673 2701 1804 2729; x_wconf 78' lang='lat' dir='ltr'><strong>videlicet</strong></span> <span class='ocrx_word' id='word_1_801' title='bbox 1815 2702 1874 2737; x_wconf 80' lang='lat' dir='ltr'><strong>ejus</strong></span> 
     </span>
    </p>
   </div>
   <div class='ocr_carea' id='block_1_115' title="bbox 1081 2746 1874 2781">
    <p class='ocr_par' dir='ltr' id='par_1_115' title="bbox 1081 2746 1874 2781">
     <span class='ocr_line' id='line_1_115' title="bbox 1081 2746 1874 2781; baseline 0.003 -8"><span class='ocrx_word' id='word_1_802' title='bbox 1081 2746 1119 2774; x_wconf 86' lang='lat' dir='ltr'><strong>ibi</strong></span> <span class='ocrx_word' id='word_1_803' title='bbox 1144 2750 1206 2774; x_wconf 89' lang='lat' dir='ltr'><strong>sunt</strong></span> <span class='ocrx_word' id='word_1_804' title='bbox 1225 2746 1254 2773; x_wconf 83' lang='lat' dir='ltr'><strong>in</strong></span> <span class='ocrx_word' id='word_1_805' title='bbox 1274 2753 1332 2781; x_wconf 88' lang='lat' dir='ltr'><strong>spe,</strong></span> <span class='ocrx_word' id='word_1_806' title='bbox 1352 2746 1399 2774; x_wconf 91' lang='lat' dir='ltr'><strong>ubi</strong></span> <span class='ocrx_word' id='word_1_807' title='bbox 1423 2750 1504 2781; x_wconf 85' lang='lat' dir='ltr'><strong>caput</strong></span> <span class='ocrx_word' id='word_1_808' title='bbox 1519 2751 1561 2775; x_wconf 69' lang='lat' dir='ltr'><strong>est</strong></span> <span class='ocrx_word' id='word_1_809' title='bbox 1584 2746 1612 2774; x_wconf 90' lang='lat' dir='ltr'><strong>in</strong></span> <span class='ocrx_word' id='word_1_810' title='bbox 1627 2754 1667 2774; x_wconf 77' lang='lat' dir='ltr'><strong>re.</strong></span> <span class='ocrx_word' id='word_1_811' title='bbox 1683 2746 1719 2774; x_wconf 83' lang='lat' dir='ltr'><strong>Et</strong></span> <span class='ocrx_word' id='word_1_812' title='bbox 1741 2747 1806 2775; x_wconf 80' lang='lat' dir='ltr'><strong>ideo</strong></span> <span class='ocrx_word' id='word_1_813' title='bbox 1820 2755 1874 2775; x_wconf 82' lang='lat' dir='ltr'><strong>non</strong></span> 
     </span>
    </p>
   </div>
   <div class='ocr_carea' id='block_1_116' title="bbox 1082 2790 1873 2827">
    <p class='ocr_par' dir='ltr' id='par_1_116' title="bbox 1082 2790 1873 2827">
     <span class='ocr_line' id='line_1_116' title="bbox 1082 2790 1873 2827; baseline -0.001 -8"><span class='ocrx_word' id='word_1_814' title='bbox 1082 2791 1185 2819; x_wconf 84' lang='lat' dir='ltr'><strong>frustra</strong></span> <span class='ocrx_word' id='word_1_815' title='bbox 1209 2791 1320 2826; x_wconf 83' lang='lat' dir='ltr'><strong>ponitur</strong></span> <span class='ocrx_word' id='word_1_816' title='bbox 1343 2791 1541 2825; x_wconf 79' lang='lat' dir='ltr'><strong>responsorins,</strong></span> <span class='ocrx_word' id='word_1_817' title='bbox 1571 2790 1675 2827; x_wconf 72' lang='lat' dir='ltr'><strong>[Omnis</strong></span> <span class='ocrx_word' id='word_1_818' title='bbox 1701 2791 1873 2825; x_wconf 66' lang='lat' dir='ltr'><strong>pulchritudo</strong></span> 
     </span>
    </p>
   </div>
   <div class='ocr_carea' id='block_1_117' title="bbox 1083 2837 1874 2874">
    <p class='ocr_par' dir='ltr' id='par_1_117' title="bbox 1083 2837 1874 2874">
     <span class='ocr_line' id='line_1_117' title="bbox 1083 2837 1874 2874; baseline 0 -9"><span class='ocrx_word' id='word_1_819' title='bbox 1083 2837 1201 2874; x_wconf 73' lang='lat' dir='ltr'><strong>Domini]</strong></span> <span class='ocrx_word' id='word_1_820' title='bbox 1217 2838 1243 2865; x_wconf 94' lang='lat' dir='ltr'><strong>in</strong></span> <span class='ocrx_word' id='word_1_821' title='bbox 1255 2837 1403 2865; x_wconf 86' lang='lat' dir='ltr'><strong>novissimo</strong></span> <span class='ocrx_word' id='word_1_822' title='bbox 1415 2838 1484 2870; x_wconf 82' lang='lat' dir='ltr'><strong>loco,</strong></span> <span class='ocrx_word' id='word_1_823' title='bbox 1500 2837 1526 2864; x_wconf 88' lang='lat' dir='ltr'><strong>in</strong></span> <span class='ocrx_word' id='word_1_824' title='bbox 1540 2845 1594 2872; x_wconf 80' lang='lat' dir='ltr'><strong>quo</strong></span> <span class='ocrx_word' id='word_1_825' title='bbox 1606 2842 1736 2865; x_wconf 73' lang='lat' dir='ltr'><strong>narratur</strong></span> <span class='ocrx_word' id='word_1_826' title='bbox 1750 2837 1874 2872; x_wconf 62' lang='lat' dir='ltr'><strong>perfecta</strong></span> 
     </span>
    </p>
   </div>
   <div class='ocr_carea' id='block_1_118' title="bbox 1083 2883 1875 2919">
    <p class='ocr_par' dir='ltr' id='par_1_118' title="bbox 1083 2883 1875 2919">
     <span class='ocr_line' id='line_1_118' title="bbox 1083 2883 1875 2919; baseline -0.001 -7"><span class='ocrx_word' id='word_1_827' title='bbox 1083 2888 1111 2911; x_wconf 78' lang='lat' dir='ltr'><strong>et</strong></span> <span class='ocrx_word' id='word_1_828' title='bbox 1135 2891 1240 2912; x_wconf 83' lang='lat' dir='ltr'><strong>summa</strong></span> <span class='ocrx_word' id='word_1_829' title='bbox 1256 2883 1375 2919; x_wconf 86' lang='lat' dir='ltr'><strong>receptio</strong></span> <span class='ocrx_word' id='word_1_830' title='bbox 1388 2883 1595 2919; x_wconf 77' lang='lat' dir='ltr'><strong>pulchritudinis</strong></span> <span class='ocrx_word' id='word_1_831' title='bbox 1607 2883 1715 2911; x_wconf 71' lang='lat' dir='ltr'><strong>Domini</strong></span> <span class='ocrx_word' id='word_1_832' title='bbox 1736 2891 1821 2919; x_wconf 66' lang='lat' dir='ltr'><strong>nuper</strong></span> <span class='ocrx_word' id='word_1_833' title='bbox 1837 2884 1875 2911; x_wconf 79' lang='lat' dir='ltr'><strong>si-</strong></span> 
     </span>
    </p>
   </div>
   <div class='ocr_carea' id='block_1_119' title="bbox 1083 2928 1874 2966">
    <p class='ocr_par' dir='ltr' id='par_1_119' title="bbox 1083 2928 1874 2966">
     <span class='ocr_line' id='line_1_119' title="bbox 1083 2928 1874 2966; baseline -0.001 -8"><span class='ocrx_word' id='word_1_834' title='bbox 1083 2929 1157 2958; x_wconf 79' lang='lat' dir='ltr'><strong>dera.</strong></span> <span class='ocrx_word' id='word_1_835' title='bbox 1181 2929 1343 2965; x_wconf 65' lang='lat' dir='ltr'><strong>Antiphonta</strong></span> <span class='ocrx_word' id='word_1_836' title='bbox 1371 2936 1452 2965; x_wconf 79' lang='lat' dir='ltr'><strong>super</strong></span> <span class='ocrx_word' id='word_1_837' title='bbox 1471 2929 1589 2966; x_wconf 77' lang='lat' dir='ltr'><strong>psalmos</strong></span> <span class='ocrx_word' id='word_1_838' title='bbox 1616 2928 1804 2962; x_wconf 64' lang='lat' dir='ltr'><strong>nominatos,</strong></span> <span class='ocrx_word' id='word_1_839' title='bbox 1834 2934 1874 2957; x_wconf 69' lang='lat' dir='ltr'><strong>0e-</strong></span> 
     </span>
    </p>
   </div>
  </div>
