2000 3500
2 60 16 129 .i

268 230 340 263 1507
760 257 762 259 ,
782 231 947 261 AMALA‘RII
967 228 1186 260 PRESBYTERI
1206 225 1376 255 METENSIS
1837 219 1905 251 I503

549 292 663 321 CAPUT
682 292 775 321 LXVI.

475 337 515 365 De
534 339 661 366 natalitiis
676 340 839 375 pontiﬁcum.

305 383 385 412 Ratio
401 383 507 412 reddita
529 391 571 412 est
595 393 678 420 quare
696 385 873 421 subiungatur
889 384 987 413 ofﬁciis
1001 392 1061 412 san-

270 435 376 460 ctorum
395 430 515 458 ofﬁcium
547 440 595 467 pro
623 432 746 460 mortuis.
774 432 907 465 Scilicet,
933 432 1059 467 quoniam

268 476 335 511 justi
361 476 481 504 defuncti
504 477 605 512 absque
631 478 750 512 periculo
775 478 933 505 insidiarum
956 479 1061 512 antiqui

270 522 357 550 hostis
374 522 458 550 libere
472 522 566 551 vivunt
585 527 612 551 et
631 524 742 552 meliora
759 528 884 559 Sperant;
900 533 949 560 pro
964 525 1062 559 quibus

271 572 361 597 tamen
385 568 473 603 agitur
491 568 611 597 ofﬁcium
632 571 704 604 quod
720 578 769 604 pro
790 570 904 598 mortuis
929 574 1059 598 statutum

271 619 324 646 est,
340 618 370 643 ut
381 615 505 650 superius
530 615 682 643 intimatum
704 621 755 644 est.
773 616 842 645 Justi
860 625 925 645 vero
940 617 1061 645 viventes

272 660 300 688 in
321 668 412 693 carne,
441 662 566 696 quamvis
592 662 795 697 religiosissime
818 663 926 693 vivant.
955 671 1062 699 semper

271 711 385 741 possunt
402 715 463 735 esse
481 708 589 735 solliciti
611 713 638 736 et
663 709 799 743 suspecti,
815 716 848 736 ne
864 708 952 743 aliqua
967 708 1062 738 fraude

272 753 388 786 diaboli,
401 758 448 781 aut
467 762 516 782 sua
539 754 624 789 ipsius
639 754 800 790 negligentia
816 759 954 790 torpentes
965 775 972 788 ,
988 754 1062 782 debi-

271 798 383 827 litentur
394 808 409 827 a
422 806 496 828 recto
509 809 601 830 cursu.

546 847 659 875 CAPUT
680 846 783 875 LXVII.

413 894 452 921 De
472 895 554 930 ofﬁcio
569 895 596 921 in
611 895 775 922 dedicatione
791 895 915 922 ecclesia'.

307 940 371 968 Post
392 941 512 970 ofﬁcium
534 942 692 977 pontiﬁcum
718 943 847 970 inseritur
865 941 986 969 ofﬁcium
1009 948 1061 976 quo

271 986 431 1014 dedicantur
444 988 503 1015 loca
518 996 577 1023 qua:
594 993 726 1016 vocantur
739 989 847 1023 proprie
858 989 989 1016 ecclesiae.
1006 987 1063 1015 Nisi

270 1034 347 1068 prius
358 1034 441 1061 fuerit
451 1035 593 1069 episcopus
604 1055 611 1066 ,
626 1043 679 1062 non
694 1037 816 1070 sequitur
829 1036 962 1064 dedicatio
979 1036 1065 1063 eccle-

272 1079 328 1106 siae.
345 1080 494 1115 Episcopus
515 1081 623 1115 perﬁcit
636 1080 755 1108 ofﬁcium
767 1089 820 1116 quo
834 1082 993 1108 dedicantur
1006 1082 1064 1109 loca

270 1126 403 1153 ecclesiae.
427 1126 513 1162 Major
531 1131 574 1154 est
593 1127 667 1154 enim
681 1128 812 1162 pontifex,
835 1128 881 1163 qui
908 1129 1043 1155 benedicit
1056 1149 1063 1161 ,

271 1179 352 1207 quam
371 1172 467 1200 domus
482 1180 542 1208 quas
555 1173 735 1200 benedicitur.
749 1173 818 1206 Quia
832 1174 998 1201 mentionem
1013 1174 1064 1202 feci

272 1218 305 1245 de
316 1218 485 1245 dedicatione
497 1218 628 1250 ecclesiae,
644 1226 794 1254 congruum
816 1222 859 1246 est
879 1222 909 1246 ut
929 1219 1018 1246 dicam
1032 1221 1065 1246 de

271 1264 362 1291 ofﬁcio
377 1264 448 1299 quod
472 1265 578 1292 canitur
603 1265 629 1291 in
653 1265 821 1292 dedicatione
842 1264 963 1291 ecclesiae
978 1264 1064 1292 sancti

271 1310 423 1343 Michaelis,
436 1312 507 1346 quod
527 1310 649 1338 officium
668 1314 722 1338 stat
739 1311 766 1338 in
781 1319 830 1338 suo
843 1311 950 1343 ordine,
962 1311 988 1337 id
1006 1315 1063 1342 est,

271 1356 353 1383 tertio
369 1356 503 1384 Kalendas
515 1356 650 1384 Octobris.
665 1356 801 1385 Conﬁteor
816 1364 859 1384 me
872 1357 898 1383 in
911 1356 1065 1383 nocturnali

272 1403 362 1431 ofﬁcio
376 1404 498 1438 posuisse
513 1404 547 1431 ibi
563 1404 740 1439 antiphonas,
768 1411 829 1438 qua:
848 1403 957 1438 proprie
971 1403 1065 1437 posita:

272 1454 336 1476 sttnt
351 1450 378 1476 in
393 1450 563 1478 dedicatione
574 1451 756 1478 communium
768 1450 944 1478 ecclesiarum
956 1458 962 1482 ;
975 1454 1003 1477 et
1015 1450 1066 1477 hoc

273 1502 326 1522 non
341 1503 374 1522 ex
386 1503 439 1522 me.
457 1495 554 1522 Audivi
571 1496 630 1523 illas
648 1496 673 1523 in
693 1503 724 1523 ea
746 1495 893 1523 festivitate
909 1503 1007 1523 canere
1018 1495 1065 1521 Al-

272 1541 367 1568 binutn
380 1542 565 1568 doctissimum
584 1542 744 1577 magistrum
758 1546 857 1568 nostra)
869 1541 986 1575 regionis
1003 1561 1009 1572 ,
1033 1541 1066 1567 de

273 1594 327 1621 quo
337 1593 408 1620 saepe
422 1587 586 1613 mentionem
609 1586 688 1614 facio.
713 1586 911 1620 Responsorios
933 1586 1066 1621 quosdam

273 1632 319 1666 qui
338 1632 364 1659 in
386 1640 417 1659 ea
436 1632 582 1660 festivitate
602 1633 794 1660 scribebantur
813 1632 840 1659 in
861 1632 987 1668 plurimis
1011 1632 1066 1659 An-

273 1679 446 1713 tiphonariis.
453 1683 480 1705 et
493 1680 655 1706 cantabatur
665 1687 679 1706 a
692 1679 786 1706 multis
795 1679 885 1707 stultis
894 1679 1064 1710 cantoribus,

273 1726 363 1753 audivi
391 1725 464 1753 illum
489 1733 627 1761 respuere.
644 1726 717 1760 Quos
736 1734 789 1753 non
813 1726 909 1761 scripsi
928 1726 953 1752 in
973 1730 1066 1753 nostro

273 1772 469 1807 Antiphonario
481 1793 488 1805 ,
514 1772 560 1799 sed
577 1780 627 1807 pro
644 1773 684 1800 eis
699 1773 782 1800 statui
797 1773 829 1799 de
843 1772 956 1799 diversis
969 1771 1066 1798 officiis

273 1818 482 1852 rcsponsorios,
506 1818 532 1845 in
557 1819 654 1853 quibus
680 1823 769 1845 tamen
791 1819 880 1854 aliqua
896 1818 998 1845 mentio
1024 1826 1067 1845 re-

273 1864 372 1892 eolitur
383 1865 417 1892 de
431 1865 590 1892 ministeriis
612 1865 781 1900 angelorum.
796 1864 870 1897 Quos
888 1864 926 1891 ita
943 1863 1067 1891 ordinavi

273 1913 304 1937 ut
322 1909 393 1936 ratio
410 1914 438 1937 et
454 1910 567 1937 historia
582 1910 713 1937 librorum
736 1911 823 1937 docet.

540 1967 655 1995 CAPUT
675 1968 792 1996 LXVIII.

292 2001 330 2028 De
345 2003 494 2037 antiphonis
514 2012 572 2037 ίμιίυ
585 2009 644 2030 sunt
660 2012 692 2031 ea:
708 2004 850 2039 evangeliis
863 2004 1036 2040 quotidianis.

310 2048 373 2075 Post
391 2048 510 2076 ofﬁcium
527 2057 580 2084 quo
601 2049 743 2077 dedicatur
756 2050 883 2083 ecclesia,
908 2051 1003 2085 scripsi
1024 2060 1069 2079 an—

274 2094 401 2129 tiphonas
416 2096 449 2122 de
474 2096 628 2131 evangeliis,
652 2096 684 2124 de
699 2096 796 2131 quibus
819 2096 984 2132 interrogavi
1011 2106 1069 2125 ma-

274 2141 375 2176 gistros
391 2141 519 2169 Romana:
531 2142 663 2175 ecclesitn,
679 2143 702 2169 si
717 2142 776 2169 illas
790 2148 930 2170 canerent.
947 2143 1070 2178 Respon-

275 2187 387 2219 derunt,
405 2187 591 2222 Nequaquam.
610 2188 700 2215 Nostri
717 2193 806 2215 tamen
827 2189 950 2224 magistri
974 2189 1069 2216 dicunt

275 2240 304 2260 se
316 2241 362 2261 eas
377 2233 411 2259 ab
426 2234 466 2261 eis
479 2234 633 2269 percepisse
645 2254 652 2266 ,
666 2242 715 2269 per
726 2234 829 2269 primos
841 2235 987 2269 magistros
1000 2243 1069 2270 quos

275 2278 420 2305 melodiam
440 2283 535 2306 cantus
556 2279 671 2306 Romani
688 2280 839 2307 docuerunt
853 2280 922 2307 infra
937 2280 1068 2307 terminos

275 2323 453 2350 Francorum.
469 2325 540 2351 Deus
556 2325 607 2351 scit
624 2325 646 2352 si
665 2326 709 2352 isti
730 2325 826 2353 fallant
840 2347 847 2358 ,
863 2330 910 2353 aut
928 2327 950 2353 si
966 2327 1016 2361 ipsi
1030 2326 1069 2354 fe-
1081 2338 1108 2368 Ι)

275 2369 407 2397 fellissent
418 2390 424 2401 ,
445 2370 490 2404 qui
506 2370 615 2405 gloriati
631 2375 694 2397 sunt
708 2379 737 2398 se
753 2379 800 2397 eas
814 2372 967 2406 percepisse
982 2381 997 2398 a
1013 2380 1070 2398 ma-

276 2415 368 2451 gistris
378 2414 507 2442 Romana:
522 2415 663 2447 Ecclesite,
678 2419 724 2442 aut
742 2415 856 2442 Romani
867 2419 979 2450 propter
993 2416 1069 2443 incu-

276 2461 345 2488 riam
357 2464 385 2488 et
402 2460 592 2496 negligentiam
606 2468 653 2488 eas
664 2461 828 2493 amisissent,
839 2465 885 2488 aut
895 2462 919 2488 si
930 2469 1068 2496 nunquam

275 2510 430 2533 cantassent
453 2514 510 2538 eas,
528 2510 618 2533 tamen
645 2515 694 2534 nos
715 2511 857 2534 cantamus
875 2508 933 2535 illas
957 2512 1069 2544 propter

275 2553 357 2580 verba
372 2552 561 2584 saluberrima,
574 2557 601 2580 et
621 2554 811 2581 auctoritatem
832 2559 988 2582 nostrorum
1003 2562 1068 2582 can-

275 2604 365 2627 torum
380 2619 387 2631 ,
405 2599 451 2633 qui
466 2599 615 2634 gloriantur
639 2599 795 2634 magisterio
818 2608 848 2628 se
873 2601 912 2627 uti
927 2601 1069 2628 cantilena:

276 2645 487 2673 exercitationis.

558 2692 672 2721 CAPUT
691 2692 783 2721 LXIX.

476 2739 515 2766 De
539 2739 695 2767 invitatoriis
718 2739 875 2775 antiphom’s.

310 2785 376 2814 Post
389 2786 440 2813 hoc
453 2786 550 2821 scripsi
568 2787 737 2814 invitatorias
749 2786 919 2820 antiphonas,
934 2792 1067 2820 quaecur-

276 2837 340 2859 runt
354 2841 402 2868 per
425 2834 578 2862 Dominicas
594 2839 687 2862 noctes
698 2855 705 2867 ,
720 2838 747 2861 et
762 2833 860 2868 scripsi
872 2840 918 2860 eas
932 2840 980 2867 per
993 2831 1066 2859 ordi-

277 2886 340 2906 nem
355 2879 430 2914 juxta
451 2886 604 2909 contextum
626 2881 743 2916 psalmi,
768 2880 890 2917 Uenite,
910 2878 1067 2906 exsultemus

277 2925 414 2962 Domino.]
437 2926 504 2955 Nam
520 2929 553 2956 de
574 2928 740 2964 quotidianis
753 2927 880 2956 noctibus
892 2926 987 2962 scripsi
1004 2929 1067 2953 ante

278 2970 519 3009 Septuagesimam.

1396 283 1509 312 CAPUT
1528 282 1612 311 LXX.

1273 333 1309 360 De
1326 332 1476 367 antiplwnis
1491 331 1570 357 trium
1582 337 1733 365 puerorum.

1146 391 1209 418 Post
1237 388 1407 416 invitatorias
1440 387 1602 422 antiphonas
1636 386 1763 420 sequitur
1788 386 1857 414 ordo
1877 389 1905 414 ut

1111 438 1264 466 scribantur
1276 436 1429 470 antiphona:
1441 435 1524 463 trium
1536 441 1690 469 puerorum.
1699 433 1754 462 Eas
1766 442 1821 462 non
1833 434 1905 462 aliter

1111 483 1234 512 ordinavi
1249 482 1299 509 nisi
1312 480 1390 515 juxta
1400 481 1523 508 ordinem
1535 484 1695 507 cteterorum
1707 480 1897 514 antiphonario

1111 539 1181 558 rum.
1197 529 1325 563 Quamvis
1338 528 1396 555 haec
1410 528 1500 555 omnia
1519 527 1626 555 initium
1646 526 1770 554 habeant
1784 526 1820 554 ab
1838 532 1894 554 ecta

1112 577 1152 604 vis
1167 577 1342 604 Pentecostes
1352 595 1359 607 ,
1382 581 1487 601 necnon
1502 577 1530 600 et
1544 573 1710 607 responsorii
1726 573 1762 600 de
1777 573 1886 607 psalmis
1897 593 1903 605 ,

1111 628 1139 651 et
1153 624 1266 659 Regum,
1284 626 1312 649 et
1325 621 1487 653 Salomonis,
1503 624 1529 647 et
1544 620 1604 651 Job,
1620 624 1647 647 et
1659 624 1822 654 sequentes,
1838 620 1904 646 nolui

1112 670 1155 698 his
1182 668 1345 703 interpolare
1361 667 1449 695 ofﬁcia
1475 670 1649 698 sanctorum,
1680 670 1712 693 ut
1737 666 1865 700 expedite
1883 666 1904 693 in

1113 720 1208 744 nostro
1224 713 1424 749 Antiphonario
1443 712 1548 747 possint
1563 711 1677 739 inveniri
1691 711 1789 739 ofﬁcia
1804 715 1904 740 sancte-

1113 770 1172 790 rum
1189 766 1216 789 et
1230 760 1321 788 ofﬁcia
1346 760 1378 787 de
1407 758 1572 794 quotidianis
1598 758 1707 785 diebus.
1726 757 1800 784 Nam
1819 762 1844 784 et
1859 757 1904 784 Ro-

1113 808 1186 836 mani
1205 808 1233 834 in
1252 805 1379 833 omnibus
1394 805 1453 832 suis
1467 804 1544 831 libris
1561 803 1728 831 ofﬁcialibus
1753 804 1902 837 quotidiana

1113 855 1140 881 in
1153 854 1206 881 ﬁne
1220 851 1310 880 ofﬁcia
1324 855 1440 886 ponunt,
1453 854 1553 886 praeter
1563 849 1682 884 capitula
1697 849 1731 876 de
1744 848 1903 883 Evangeliis.

1114 901 1167 928 Ubi
1182 900 1333 927 notandum
1350 898 1422 934 quod
1447 898 1567 925 maxime
1578 905 1627 932 per
1644 897 1808 924 Dominicas
1822 903 1906 924 noctes

1114 947 1148 974 ab
1159 947 1263 974 octavis
1278 946 1452 973 Pentecostes
1468 951 1554 978 usque
1569 944 1597 970 in
1611 943 1771 971 Adventum
1794 943 1905 974 Domini,

1115 992 1233 1019 Romani
1253 994 1353 1018 canant
1381 989 1545 1024 antiphonas
1572 988 1606 1015 de
1634 988 1760 1015 historiis
1780 988 1906 1015 librorum

1114 1039 1187 1066 unde
1211 1037 1375 1072 responsorii
1396 1035 1530 1069 assumpti
1553 1038 1628 1066 sunt,
1655 1039 1701 1061 aut
1720 1033 1838 1060 Alleluia
1851 1042 1907 1061 cum

1116 1085 1224 1120 hymnis
1243 1083 1384 1111 Zachariae
1400 1086 1428 1110 et
1442 1085 1542 1109 sancta:
1568 1080 1668 1107 Marize.
1696 1080 1813 1107 Easdem
1841 1080 1908 1107 anti-

1115 1131 1221 1166 phonas
1254 1129 1390 1165 praeposui
1421 1128 1448 1155 in
1476 1128 1565 1163 capite
1598 1127 1844 1161 responsoriorum.
1873 1126 1908 1153 Eo

1117 1182 1238 1211 tempore
1253 1183 1305 1202 non
1317 1175 1355 1201 fui
1366 1174 1526 1201 recordatus
1539 1173 1612 1207 quod
1626 1172 1664 1199 illa
1678 1172 1744 1199 hora
1756 1172 1813 1198 diei
1824 1171 1911 1206 septi-

1116 1231 1167 1250 ma:
1194 1223 1270 1250 ferite
1285 1243 1292 1254 ,
1320 1221 1427 1256 quando
1448 1220 1556 1247 canitur
1571 1217 1690 1253 psalmus
1705 1217 1738 1244 ad
1750 1224 1888 1252 vesperos
1902 1236 1910 1249 ,

1115 1269 1271 1296 Benedictus
1296 1267 1425 1294 Dominus
1449 1265 1521 1292 Deus
1549 1273 1632 1296 meus,
1657 1264 1700 1298 qui
1720 1263 1797 1290 docet
1819 1271 1909 1290 manu

1116 1324 1186 1342 meas
1202 1314 1237 1342 ad
1256 1313 1387 1349 prndium,
1404 1311 1572 1346 frequentius
1588 1310 1724 1344 pertineat
1740 1308 1777 1335 ad
1792 1309 1910 1343 prmeri-

1116 1366 1172 1388 tam
1187 1359 1394 1390 hebdomadam,
1411 1365 1492 1392 quant
1508 1357 1542 1384 ad
1555 1359 1726 1390 sequentem.
1738 1353 1908 1381 Manifestum

1116 1410 1158 1433 est
1185 1414 1200 1432 a
1216 1405 1316 1432 Christi
1331 1402 1532 1431 resurrectione
1554 1401 1654 1428 habere
1674 1399 1787 1427 initium
1809 1398 1860 1427 diei
1880 1407 1909 1426 ac

1117 1451 1214 1478 noctis.
1242 1450 1300 1477 Nox
1326 1449 1400 1475 enim
1425 1447 1564 1482 sequentis
1587 1446 1640 1473 diei
1667 1453 1724 1473 non
1747 1449 1840 1480 potest
1862 1444 1909 1472 diei

1116 1496 1274 1531 priusquam
1289 1494 1329 1522 sol
1348 1493 1478 1529 pI‘tELEI‘IlI
1503 1492 1556 1520 dici
1581 1492 1615 1519 ad
1639 1499 1771 1519 occasum
1790 1491 1910 1518 redactus

1117 1543 1172 1575 sit,
1199 1545 1261 1568 ante
1282 1540 1358 1575 cujus
1372 1546 1499 1567 occasum
1516 1537 1740 1572 frequentissime
1761 1536 1909 1564 celebratur

1118 1588 1227 1624 synaxis
1246 1586 1411 1621 vespertina,
1427 1586 1453 1612 in
1471 1592 1525 1619 quo
1543 1584 1652 1611 canitur
1665 1583 1792 1618 psalmus
1808 1592 1815 1610 :
1833 1582 1910 1610 Bene-

1117 1635 1202 1662 dictus
1230 1635 1359 1661 Dominus
1379 1633 1450 1660 Deus
1469 1640 1559 1664 meus,
1576 1636 1605 1658 et
1634 1631 1730 1658 ueteri
1757 1634 1910 1664 sequentes.

1118 1684 1179 1710 Ideo
1194 1682 1320 1710 convenit
1335 1682 1456 1708 scribere
1472 1680 1633 1714 antiphonas
1649 1687 1713 1713 quae
1728 1679 1865 1714 pertinent
1880 1679 1911 1705 ad

1118 1729 1287 1756 Dominicam
1300 1731 1406 1754 noctem
1416 1727 1488 1753 illius
1499 1726 1595 1758 noctis,
1604 1725 1716 1760 quando
1726 1729 1870 1752 canuntur
1877 1732 1905 1751 re

1118 1776 1252 1812 sponsorii
1265 1775 1369 1810 Regum
1380 1778 1440 1809 post
1454 1773 1650 1809 responsorios.
1660 1771 1753 1798 Simlli
1767 1771 1848 1798 modo
1857 1771 1911 1797 dico

1118 1825 1151 1852 de
1167 1823 1349 1858 responset-iis
1363 1821 1471 1849 czeteris
1485 1824 1512 1848 et
1529 1819 1695 1854 antiphonis.
1712 1817 1794 1846 Unde
1812 1824 1911 1852 precor,

1118 1871 1141 1899 si
1161 1870 1258 1905 aliquis
1274 1870 1399 1904 dignatus
1420 1867 1503 1895 fuerit
1519 1870 1611 1893 nostra
1626 1863 1762 1900 opusoula
1776 1864 1911 1895 scribere,

1118 1917 1144 1943 in
1161 1916 1214 1943 ﬁne
1230 1915 1463 1951 responsoriorum
1477 1913 1603 1948 dignetur
1614 1919 1662 1939 eas
1676 1911 1815 1939 scribere.

1399 1982 1512 2010 CAPUT
1532 1981 1624 2009 LXXI.

1208 2031 1247 2058 De
1262 2030 1434 2065 responsoriis
1448 2028 1492 2065 qui
1505 2026 1705 2064 prwtitulantur
1714 2025 1831 2061 Regum.

1155 2089 1191 2116 Ut
1205 2087 1331 2124 praedixi,
1353 2087 1390 2113 ita
1411 2086 1502 2113 audivi
1519 2093 1534 2112 a
1549 2084 1686 2120 magistris
1706 2083 1844 2112 Ecclesia
1866 2082 1915 2111 Ro-

1119 2143 1216 2167 mamn,
1226 2135 1277 2161 hoc
1287 2137 1338 2164 est,
1354 2137 1385 2159 ut
1396 2132 1424 2159 in
1438 2131 1526 2166 prima
1541 2129 1714 2159 hebdomada
1727 2134 1793 2157 ante
1807 2137 1914 2165 respon-

1120 2182 1207 2210 sorios
1232 2181 1337 2216 Regum
1352 2183 1517 2207 canerentur
1536 2177 1703 2212 responsorii
1728 2177 1762 2205 de
1781 2177 1893 2212 psalmis
1906 2196 1914 2207 ,

1120 2228 1218 2263 quibus
1242 2226 1404 2254 emendatur
1428 2225 1527 2252 iterum
1551 2223 1674 2252 inchoari
1701 2222 1915 2258 tempnsjejunii

1120 2277 1147 2300 et
1160 2272 1301 2300 orationis.
1317 2271 1387 2304 Quid
1406 2270 1520 2305 impedit
1541 2269 1629 2297 ordini
1654 2268 1678 2296 si
1702 2269 1851 2303 contigerit
1870 2275 1915 2303 per

1121 2325 1223 2355 septem
1249 2318 1439 2349 hebdomadas,
1457 2321 1505 2345 aut
1521 2325 1570 2352 per
1583 2324 1641 2349 sex,
1655 2321 1706 2344 aut
1727 2324 1773 2352 per
1793 2317 1915 2352 quinque

1120 2366 1259 2394 decantari
1275 2365 1463 2400 responsorios
1473 2363 1577 2399 Regum
1597 2367 1661 2390 ante
1674 2362 1830 2398 Angustum
1842 2370 1917 2390 mea-

1120 2422 1186 2446 scm,
1202 2418 1248 2441 aut
1259 2421 1309 2448 per
1324 2413 1391 2440 duas
1403 2412 1447 2439 vel
1461 2416 1516 2439 tres
1538 2411 1643 2438 cantari
1668 2411 1704 2437 de
1726 2410 1843 2445 psalmis
1859 2430 1868 2440 ,
1893 2414 1917 2436 et

1120 2466 1237 2496 quatuor
1258 2460 1361 2494 Regum
1375 2480 1382 2491 ,
1410 2466 1471 2486 eum
1489 2464 1601 2485 necesse
1618 2457 1655 2484 sit
1669 2456 1697 2483 in
1716 2456 1773 2484 isto
1796 2460 1919 2489 tempore

1120 2512 1149 2534 ut
1162 2507 1208 2534 ﬁat
1219 2506 1367 2533 admonitio
1380 2510 1408 2532 et
1421 2504 1543 2532 doctrina
1557 2502 1719 2531 humilitatis
1730 2506 1757 2529 et
1768 2502 1920 2536 subjecti)—

1122 2555 1186 2582 nis?
1211 2554 1402 2581 Admonitione
1429 2553 1482 2579 hac
1505 2550 1647 2586 perfuncta
1665 2571 1673 2583 ,
1705 2554 1799 2577 restat
1828 2555 1921 2585 aptum

1121 2605 1228 2634 tempus
1249 2604 1364 2634 quatuor
1389 2597 1618 2625 hebdomadarum
1647 2595 1682 2623 ad
1715 2596 1922 2623 reconlandum

1120 2645 1305 2680 exemplorum
1332 2647 1489 2671 sanctorum
1501 2642 1622 2673 Patrum,
1639 2641 1666 2668 id
1683 2645 1729 2668 est
1740 2661 1747 2673 ,
1768 2640 1922 2668 Samuelis.

1120 2691 1216 2722 David,
1240 2690 1306 2717 Elia:
1325 2694 1352 2716 et
1370 2688 1469 2715 Elismi.
1499 2687 1599 2714 Ilorum
1616 2685 1740 2714 omnium
1769 2693 1922 2720 person.

1117 2740 1195 2774 juxta
1211 2742 1366 2766 contextum
1381 2736 1501 2764 historia;
1513 2755 1519 2767 ,
1536 2734 1709 2769 reperiuntur
1729 2733 1757 2760 in
1774 2739 1924 2767 responsa

1120 2785 1169 2813 riis
1183 2789 1210 2812 et
1224 2783 1379 2818 antiphonis
1392 2790 1453 2817 quae,
1475 2779 1674 2816 praetitulantur
1698 2777 1825 2813 Regum.
1842 2777 1923 2804 Juxta

1121 2832 1242 2860 ordinem
1258 2829 1379 2857 historia:
1390 2832 1503 2855 conatus
1515 2834 1574 2854 sum
1586 2825 1714 2852 ordinare
1725 2824 1926 2859 responsorhs

1121 2881 1148 2905 et
1162 2876 1323 2911 antiphonas
1333 2882 1400 2910 quas
1412 2878 1553 2901 cantamus
1564 2872 1592 2899 in
1600 2875 1694 2898 nostro
1703 2869 1925 2904 Antiphonanc

1121 2924 1160 2951 Eo
1175 2922 1310 2957 praecipue
1325 2925 1446 2955 tempore
1458 2923 1599 2946 cantamus
1613 2917 1683 2946 illas,
1696 2923 1754 2951 quo
1770 2916 1873 2944 habile
1888 2917 1929 2941 est

1122 2969 1163 2997 ire
1176 2968 1211 2996 ad
1222 2974 1348 3004 pugnam.
1364 2966 1412 2995 Vir
1424 2965 1567 2994 bellicosus
1582 2963 1634 2991 fuit
1646 2963 1744 2990 David.
