4000 6188
549 293 688 355 1511

1586 279 1923 338 AMALARII
1957 273 2401 336 PRESBYTER!
2438 269 2782 332 METENSIS

3731 267 3866 326 {312

549 406 725 464 serios
752 413 906 458 more
934 397 1092 456 solito
1133 396 1291 471 juxta
1322 401 1636 453 contextum
1671 392 1914 448 historia:
1961 388 2142 445 studui
2169 390 2222 450 Α
2249 389 2314 444 de
2342 387 2589 459 psalmis,
2617 386 2672 441 in
2699 384 2876 438 tribus
2903 380 3260 452 sequentibus
3300 380 3369 437 de
3390 379 3721 452 prophetis.
3753 381 3866 441 Non

551 495 823 553 ordinare.
851 493 909 547 In
940 492 1059 547 istis
1076 489 1441 561 responsoriis
1471 492 1882 543 consummatur
1919 495 2142 551 regnum

552 587 844 642 Persarum
883 591 938 639 et
968 582 1268 637 Medorum.
1321 580 1430 636 Hos
1459 580 1605 635 enim
1654 573 2054 646 responsorios,
2089 570 2146 626 id

554 688 660 744 est,
686 678 752 733 de
776 676 983 741 Judith,
1012 673 1182 728 Esdra
1206 681 1260 727 et
1289 669 1512 739 Esther,
1544 676 1828 727 cantamus
1875 667 1930 721 in
1962 665 2145 736 priore

555 781 713 844 parte
742 770 997 828 Octobris
1023 769 1247 824 mensis.

1113 857 1339 914 CAPUT
1375 857 1590 912 LXXV.

865 951 944 1005 De
989 950 1332 1022 responsoriis
1382 948 1836 1003 Macltabrrorum.

633 1042 1065 1098 Machahteorum
1102 1041 1330 1096 historia
1371 1048 1615 1110 tempora
1643 1045 1698 1092 et
1738 1051 1902 1106 regna
1934 1033 2150 1090 Grzeco-

563 1153 684 1194 rum
741 1142 1024 1191 memorat.
1075 1132 1211 1188 Nam
1255 1141 1310 1189 et
1364 1134 1464 1188 hos
1495 1129 1869 1202 responsorios
1924 1126 2148 1192 curavi,

562 1237 724 1300 prout
771 1228 942 1298 potui,
975 1234 1213 1283 statuere
1240 1227 1394 1297 juxta
1445 1225 1691 1280 ordinem
1734 1221 1992 1277 historiae.
2046 1219 2153 1273 Re-

564 1326 928 1394 sponsorium,
961 1320 1325 1392 [Disrumpam
1368 1318 1577 1373 vincula
1602 1315 1783 1388 populi
1826 1312 2000 1385 mei,]
2040 1328 2149 1366 non

564 1413 741 1484 reperi
768 1414 824 1467 in
846 1413 985 1467 libro
1009 1410 1461 1467 Machabteorum.
1487 1409 1612 1463 Ideo
1639 1407 1797 1477 posui
1830 1407 1981 1460 illum
2009 1405 2151 1459 inter

567 1505 980 1576 responsorios,
1038 1504 1103 1559 de
1148 1517 1471 1572 quacunque
1527 1501 1877 1556 tribulatione
1930 1500 2000 1554 sit
2054 1513 2152 1553 ne-

566 1611 719 1652 cesse
746 1595 1000 1650 clamare.
1034 1594 1277 1665 Regnum
1307 1591 1583 1647 Medorum
1618 1592 1898 1661 praecessit
1928 1604 2151 1659 regnum

566 1693 923 1750 Graecorum:
963 1691 1107 1762 quod
1152 1690 1400 1761 superius
1443 1688 1740 1744 memoravi
1785 1687 2049 1742 defecisse
2097 1687 2151 1740 in

2249 480 2556 551 requiratur
2579 477 2630 532 in
2651 474 2932 547 prophetis
2955 475 3088 529 ordo
3111 474 3356 528 historia:
3387 492 3399 526 :
3430 489 3542 529 nec
3570 475 3734 529 enim
3757 491 3866 532 mos

2248 584 2333 631 est
2361 573 2768 645 pr0phetarum,
2797 578 2858 623 ut
2906 569 3153 623 ordinem
3207 568 3574 623 historiarum
3629 585 3863 638 sequan-

2249 675 2339 721 tur
2368 685 2380 719 :
2410 666 2506 720 scd
2537 672 2738 719 tactum
2765 660 3001 731 Spiritus
3024 660 3221 724 sancti,
3253 660 3348 729 qui
3375 660 3715 731 ubicunque
3741 663 3864 728 vult,

2249 759 2443 830 spirat,
2467 765 2523 812 et
2567 771 2690 824 cum
2717 755 2907 809 vocem
2950 751 3067 822 ejus
3099 752 3362 815 audieris,
3394 752 3585 806 nescis
3614 754 3769 808 unde
3793 770 3868 808 re

2249 850 2367 905 niat
2410 857 2464 904 et
2495 863 2602 918 quo
2632 846 2814 901 vadat.
2848 845 2942 900 Isti
2969 845 3116 900 enim
3161 843 3511 914 reSponsorii
3533 843 3666 899 vice
3697 844 3868 900 diver-

2251 957 2435 999 sorum
2468 941 2781 1005 missorum,
2819 939 3056 1009 Spiritus
3087 939 3265 994 sancti
3288 939 3727 1008 praemittuntur
3753 949 3870 994 ante

2251 1036 2546 1089 adventum
2594 1031 2816 1088 Christi.
2867 1031 2926 1085 In
2987 1030 3150 1086 nullis
3211 1030 3373 1086 libris
3416 1031 3652 1086 Veteris
3698 1031 3871 1086 Testa—

2255 1128 2422 1183 menti
2454 1125 2614 1182 toties
2649 1123 2918 1194 reperitur
2965 1122 3268 1178 admonitio
3293 1121 3551 1192 Spiritus
3595 1124 3780 1178 sancti
3809 1125 3868 1178 ad

2248 1217 2533 1289 populum,
2560 1224 2620 1272 ut
2659 1220 3014 1271 convertatur
3050 1213 3120 1267 ad
3161 1211 3356 1278 Deum,
3390 1212 3626 1283 quoties
3661 1213 3718 1268 in
3751 1230 3869 1284 pro-

2250 1313 2449 1382 phetis.
2484 1311 2552 1366 Et
2576 1311 2698 1364 ideo
2728 1308 2854 1378 quia
2883 1308 2938 1361 in
2979 1307 3230 1378 proximo
3265 1315 3376 1371 est,
3399 1314 3467 1360 ut
3503 1309 3701 1362 veniat
3725 1307 3862 1363 salus

2251 1402 2456 1464 mundi,
2483 1401 2535 1455 id
2570 1408 2656 1455 est
2679 1399 2734 1454 in
2775 1414 2964 1455 mense
2993 1397 3305 1463 Decembri,
3336 1407 3401 1453 ut
3442 1399 3651 1454 eadem
3684 1401 3863 1454 admo—

2252 1495 2387 1550 nitio
2412 1493 2469 1548 in
2493 1492 2785 1548 Novembri
2819 1506 3004 1547 mense
3046 1489 3369 1561 frequenter
3396 1491 3740 1555 celebretur,
3773 1508 3862 1546 ne-

2253 1599 2403 1641 cesse
2435 1592 2537 1639 est.
2562 1582 2897 1638 Adveniente
2922 1589 3188 1651 tempore,
3228 1566 3379 1651 quod
3411 1582 3743 1635 nominatur
3769 1582 3866 1635 Ad-

2255 1689 2446 1736 ventus
2473 1678 2708 1741 Domini,
2753 1693 2816 1732 ea
2846 1692 2968 1747 qure
3015 1675 3249 1730 lucidius
3278 1683 3518 1729 narrant
3555 1676 3626 1729 de
3664 1674 3870 1729 Christi

567 1783 744 1841 officio
788 1758 1016 1855 Augusti
1049 1758 1252 1836 mensis
1292 1779 1666 1835 fortitudinem
1716 1785 1770 1832 et
1801 1777 2059 1832 decorum
2103 1776 2157 1830 in
2185 1758 2232 1817 Β
2260 1777 2543 1832 nativitate
2590 1775 2846 1845 leguntur
2894 1780 2950 1828 et
2995 1781 3310 1828 cantantur.
3361 1771 3546 1826 Nemo
3585 1773 3875 1842 propheta-

568 1873 766 1944 populo
812 1872 1009 1937 Israel,
1041 1887 1108 1926 ex
1157 1871 1385 1925 historia
1417 1870 1634 1935 Esdrae,
1683 1883 1751 1923 ex
1777 1867 1916 1922 libro
1943 1866 2160 1922 Macha-

570 1965 810 2019 bmorum
841 1963 896 2017 in
927 1964 1031 2018 isto
1059 1961 1177 2016 loco
1207 1961 1617 2016 monstrabitur.
1667 1957 1943 2028 Scriptum
1966 1964 2066 2012 est
2106 1957 2161 2011 in

575 2056 754 2126 primo
778 2054 916 2109 libro
942 2053 1127 2109 Esdrze
1155 2071 1168 2107 :
1199 2051 1427 2106 Plurimi
1453 2052 1613 2105 etiam
1637 2050 1700 2104 de
1725 2049 2082 2104 sacerdotibus
2112 2057 2160 2104 et

574 2145 785 2210 Levitis,
810 2154 856 2199 et
895 2146 1154 2216 principes
1187 2153 1424 2216 patrum,
1452 2151 1498 2196 et
1522 2142 1749 2196 seniores
1768 2181 1783 2206 ,
1808 2141 1897 2212 qui
1924 2140 2162 2195 videram

570 2236 818 2308 templum
835 2237 1142 2307 priusquam
1166 2237 1449 2305 fundatum
1475 2243 1627 2298 esset,
1645 2243 1692 2287 et
1716 2233 1814 2286 hoc
1836 2231 2083 2301 templum
2105 2233 2160 2285 in

570 2328 736 2384 oculis
762 2345 940 2383 eorum
962 2329 1155 2398 ﬂebant
1172 2327 1294 2382 voce
1316 2345 1526 2398 magna.
1547 2326 1617 2380 Et
1634 2325 1788 2380 multi
1817 2324 2161 2392 vociferantes

571 2418 629 2472 in
655 2417 839 2473 lrrtitia
871 2417 1116 2472 levabant
1137 2434 1335 2482 vocem,
1353 2433 1444 2472 nec
1468 2425 1672 2486 poterat
1707 2416 1983 2486 quisquam
2003 2431 2166 2485 agno-

572 2528 718 2567 scere
765 2528 938 2566 vocem
988 2509 1236 2564 clamoris
1297 2509 1633 2574 lwtantium,
1680 2517 1730 2563 et
1779 2524 1953 2562 vocem
2009 2508 2163 2577 ﬂetus

573 2601 777 2673 populi.
813 2601 880 2655 Et
907 2601 1103 2656 iterum
1130 2601 1183 2655 in
1209 2600 1350 2655 libro
1377 2601 1551 2672 primo
1572 2599 2004 2654 Machahmorum
2036 2617 2048 2653 :
2079 2597 2166 2653 γω

575 2693 725 2759 mihi,
768 2701 823 2746 ut
855 2694 980 2763 quid
1012 2703 1168 2747 natus
1207 2710 1323 2748 sum
1367 2692 1539 2747 videre
1587 2693 1957 2747 contritionem
1984 2689 2164 2762 populi

555 2776 695 2850 mei,
727 2792 777 2837 et
802 2784 1168 2838 contritionem
1218 2783 1444 2838 civitatis
1495 2793 1712 2848 sanctw,
1747 2792 1794 2836 et
1833 2782 2009 2836 sedere
2055 2779 2164 2833 illic
2203 2804 2212 2812 ι

573 2893 694 2930 cum
723 2875 883 2928 datur
907 2875 1242 2930 inimicorum
1272 2877 1328 2930 in
1353 2875 1596 2930 manibus
1615 2917 1628 2940 ,
1675 2884 1858 2929 sancta
1889 2874 1944 2926 in
1974 2888 2164 2942 manus

575 2976 948 3019 extraneorum
967 2966 992 3018 ?
1023 2964 1249 3020 Factum
1278 2975 1352 3020 est
1381 2966 1629 3037 templum
1679 2966 1816 3036 ejus,
1848 2966 1980 3018 sicut
2009 2963 2164 3017 homo

577 3057 839 3129 ignobilis.
895 3056 1035 3113 Vasa
1077 3059 1261 3129 gloria:
1310 3055 1426 3129 ejus
1477 3059 1682 3129 captiva
1721 3057 1948 3112 abducta
1992 3065 2162 3111 sunt:

574 3147 825 3203 trucidati
869 3159 990 3203 sunt
1011 3151 1232 3220 juvenes
1274 3151 1388 3220 ejus
1419 3151 1475 3203 in
1504 3149 1711 3220 plateis,
1743 3159 1788 3203 et
1804 3149 2022 3220 juvenes
2049 3148 2165 3218 ejus

579 3238 880 3293 ceciderunt
925 3239 1103 3310 gladio
1135 3241 1490 3294 inimicorum.
1533 3239 1663 3306 Quae
1697 3257 1822 3310 gens
1855 3255 1958 3294 non
2005 3246 2168 3293 luere-

580 3331 765 3387 ditavit
818 3350 1034 3403 regnum
1065 3334 1221 3403 ejus?
1267 3333 1449 3388 Omnis
1491 3335 1796 3404 compositio
1843 3334 1956 3402 ejus
1985 3333 2166 3387 ablata

577 3433 671 3478 est.
714 3423 1062 3493 Responsorii
1091 3425 1157 3479 de
1187 3423 1374 3480 Judith
1402 3434 1458 3480 et
1483 3425 1655 3480 Esdra
1703 3433 1756 3479 et
1797 3425 2027 3490 Esther,
2073 3426 2166 3495 qui

579 3513 862 3583 subjacent
902 3515 1235 3584 temporibus
1282 3515 1572 3570 Persarum
1620 3523 1676 3571 et
1725 3515 2004 3570 Medorum
2033 3556 2048 3582 ,
2111 3523 2170 3572 et

577 3606 911 3674 responsorii
953 3608 1018 3661 de
1066 3606 1409 3674 Machabteis,
1447 3609 1541 3677 qui
1582 3605 1865 3675 subiacent
1909 3609 2168 3678 tempori-

579 3697 684 3752 bus
707 3696 1042 3763 Graecorum,
1075 3714 1182 3753 uno
1206 3713 1391 3754 mense
1433 3698 1830 3754 concluduntur
1860 3698 1929 3753 ob
1965 3698 2168 3769 signiti-

581 3789 853 3842 cationem
877 3791 1104 3844 minoris
1148 3792 1434 3860 potestatis
1474 3805 1764 3862 regnorum
1810 3791 2089 3846 Medorum
2115 3799 2172 3846 et

579 3877 914 3942 Graecorum,
962 3894 1126 3948 quam
1176 3879 1366 3935 fuisset
1412 3880 1762 3952 Assyriorum
1805 3888 1862 3935 et
1902 3881 2172 3937 Romano-

580 3985 721 4026 rum.
748 3969 959 4038 Quanto
982 3971 1125 4027 enim
1164 3972 1455 4028 humiliora
1493 3983 1549 4029 et
1574 3973 1764 4028 viliora
1799 3974 2026 4030 fuissent
2053 3975 2172 4031 haec

578 4063 688 4118 duo
730 4078 894 4133 regna
921 4105 936 4130 ,
986 4063 1040 4117 id
1089 4073 1193 4130 est,
1239 4065 1516 4121 Medorum
1543 4075 1597 4123 et
1622 4065 1958 4131 Graecorum,
2006 4083 2167 4137 quam

580 4154 929 4226 Assyriorum
960 4161 1014 4209 et
1043 4154 1436 4212 Romanorum.
1475 4158 1702 4214 Orosius
1729 4159 1782 4213 in
1825 4160 2002 4228 primo
2028 4159 2170 4216 libro

580 4239 936 4294 historiarum
981 4240 1055 4294 ita
1086 4240 1419 4309 manifestat,
1465 4244 1651 4300 dicens
1682 4262 1694 4297 :
1725 4240 1983 4300 lneiIabili
2026 4245 2173 4302 ordi-

579 4332 797 4387 natione
823 4347 921 4402 per
950 4341 1184 4402 quatuor
1212 4336 1402 4391 mundi
1439 4338 1688 4392 cardines
1713 4346 1948 4408 quatuor
1976 4354 2170 4410 regno-

580 4437 702 4475 rum
741 4424 1076 4494 principatus
1105 4427 1378 4482 distinctis
1410 4425 1671 4498 gradibus
1704 4431 2006 4486 eminentes
2034 4441 2087 4486 et
2111 4440 2172 4486 ut

579 4509 936 4579 Babylonium
967 4528 1191 4582 regnum
1235 4517 1303 4569 ab
1340 4518 1570 4581 oriente,
1621 4534 1651 4571 a
1687 4520 1912 4573 meridie
1947 4519 2170 4577 Cartha-

575 4603 841 4675 ginense,
897 4617 929 4656 a
985 4606 1354 4673 septentrione
1410 4607 1848 4674 Macedonicum,
1910 4609 1978 4663 ab
2025 4611 2170 4666 occi-

578 4695 739 4750 dente
773 4694 1094 4752 Romanum.
1139 4697 1378 4765 Quorum
1417 4699 1560 4754 inter
1583 4701 1818 4771 primum
1848 4712 1903 4756 et
1939 4703 2168 4760 novissi-

579 4803 748 4851 mum,
774 4787 830 4841 id
855 4796 958 4852 est,
1002 4789 1158 4846 inter
1185 4792 1536 4864 Babylonium
1577 4803 1633 4849 et
1659 4793 1984 4861 Romanum,
2012 4798 2167 4865 quasi

579 4880 722 4935 inter
757 4887 965 4950 patrem
1006 4889 1190 4938 senem
1240 4901 1306 4940 ac
1350 4885 1519 4940 filium
1565 4901 1814 4956 parvum,
1850 4886 2165 4943 Africanum

579 4991 642 5030 ac
679 4973 1109 5043 Macedonicum,
1140 4977 1325 5033 brevia
1350 4983 1434 5034 'ac
1464 4980 1663 5046 media,
1701 4981 1855 5050 quasi
1885 4987 2031 5035 tutor
2053 4979 2168 5035 'cu-

579 5076 838 5138 ratorque
859 5078 1122 5125 venerunt
1150 5079 1419 5142 potestate
1445 5073 1704 5142 temporis
1730 5088 1835 5128 non
1849 5071 1974 5142 jure
2002 5073 2169 5130 haere-

580 5155 766 5211 ditatis
804 5156 1050 5213 admissi.
1082 5158 1152 5214 Ut
1197 5162 1414 5231 opinor,
1447 5163 1579 5218 satis
1604 5171 1962 5218 monstratum
1987 5172 2073 5220 est
2098 5179 2166 5219 ex

579 5243 809 5300 historia
834 5250 1226 5318 suprascripta,
1243 5267 1411 5324 quare
1435 5269 1542 5309 uno
1567 5267 1753 5309 mense
1775 5253 2164 5311 concludantur

583 5337 913 5406 responsorii
948 5339 1012 5394 de
1039 5347 1118 5394 tot
1143 5341 1409 5401 historiis.

1117 5431 1344 5492 CAPUT
1393 5437 1627 5494 LXXVI.

919 5521 999 5578 De
1048 5529 1389 5595 responsoriis
1433 5531 1825 5602 prophetarum.

656 5609 717 5665 In
755 5611 1044 5673 Novembri
1089 5635 1276 5677 mense
1309 5620 1460 5692 juxta
1507 5640 1714 5681 morem
1754 5625 2014 5683 Romana:
2061 5625 2164 5682 Ec-

588 5700 786 5768 clesiae,
815 5702 870 5759 in
894 5708 1069 5776 prima
1095 5712 1435 5773 hebdomada
1459 5724 1742 5776 cantamus
1781 5717 2162 5790 responsorios

2262 1886 2384 1924 rum
2404 1878 2514 1924 tam
2542 1868 2720 1924 lucide
2749 1876 2804 1921 et
2829 1873 3016 1937 aperte
3032 1865 3325 1936 prophetat
3353 1865 3424 1920 de
3447 1865 3665 1920 Christi
3691 1866 3876 1920 nativi-

2264 1968 2394 2027 tate,
2425 1968 2685 2030 quantum
2720 1958 2908 2013 Isaias.
2957 1955 3254 2026 Pr0pterea
3300 1957 3417 2026 ipse
3443 1955 3660 2026 legitur
3697 1957 3753 2009 in
3781 1957 3872 2010 ad-

2262 2062 2429 2108 ventu
2460 2051 2694 2106 Domini.
2747 2048 2919 2116 Quem
2968 2055 3174 2102 statum
3209 2054 3522 2117 sequuntur
3550 2056 3613 2102 et
3656 2061 3876 2115 respou-

2264 2144 2414 2210 sorii,
2443 2143 2538 2212 qui
2567 2139 2973 2197 evidentissime
3023 2139 3258 2194 reboant
3288 2137 3348 2192 de
3377 2139 3686 2192 nativitate
3732 2137 3877 2192 Chri-

2264 2236 2355 2292 sti.
2393 2233 2595 2292 Omnes
2635 2233 2913 2302 propheta:
2965 2230 3030 2286 de
3086 2229 3312 2286 Christo
3353 2231 3872 2301 prophetaverunt:

2265 2327 2470 2382 idcirco
2496 2326 2550 2380 in
2584 2322 2878 2379 Novembri
2913 2336 3102 2377 mense
3128 2332 3186 2376 et
3213 2335 3408 2377 eorum
3433 2321 3569 2376 libri
3600 2321 3869 2393 leguntur,

2240 2426 2319 2486 et
2363 2417 2432 2472 de
2482 2414 2613 2485 ipsis
2651 2413 2851 2483 sumpti
2897 2422 3026 2468 sunt
3073 2413 3435 2483 responsorii.
3480 2411 3764 2470 Jeremias
3790 2414 3873 2483 qui

2264 2507 2557 2580 plurimum
2608 2515 2798 2560 narrat
2848 2505 2917 2560 de
2964 2505 3220 2575 passione
3272 2504 3522 2570 Domini,
3567 2517 3869 2561 reservatur

2265 2614 2438 2670 usque
2465 2599 2535 2653 ad
2587 2605 2799 2666 tempus
2831 2596 3122 2666 passionis.
3177 2595 3392 2650 Tamen
3441 2611 3560 2650 una
3608 2595 3772 2652 lectio
3801 2595 3868 2652 le-

2265 2692 2410 2763 gitur
2439 2691 2506 2744 de
2533 2703 2599 2744 eo
2625 2688 2816 2758 quinta
2867 2685 3150 2740 Dominica
3201 2693 3331 2741 ante
3380 2687 3744 2743 nativitatem
3772 2687 3865 2743 Do—

2265 2783 2418 2839 mini.
2467 2779 2758 2836 Novembri
2823 2778 3027 2833 mensis
3087 2792 3257 2849 regno
3312 2777 3710 2834 Romanorum
3757 2796 3870 2850 quo-

2267 2871 2552 2928 dammodo
2588 2872 2900 2943 respondet,
2933 2871 3286 2943 Assyriorum
3314 2886 3566 2940 regnum
3609 2873 3865 2943 quoddam

2264 2965 2590 3035 praesagium
2621 2963 2723 3018 fuit
2767 2965 2921 3035 regni
2963 2963 3261 3019 Christiani
3309 2965 3530 3034 populi,
3579 2968 3868 3036 quamvis:

2269 3053 2445 3127 longe.
2478 3055 2624 3112 Istud
2653 3065 2741 3112 est
2782 3057 2930 3112 enim
2959 3065 3248 3121 :eternum,
3301 3065 3358 3110 et
3392 3055 3534 3111 illud
3567 3059 3864 3129 temporale.

2269 3145 2553 3216 Propheta:
2580 3147 2992 3203 seminaverunt
3016 3147 3358 3218 temporibus
3394 3164 3706 3220 regnorum
3732 3152 3870 3221 Assy-

2268 3235 2494 3300 riorum,
2543 3244 2599 3290 et
2648 3234 3060 3299 Africanorum,
3107 3246 3274 3306 atque
3333 3237 3695 3304 Graecorum,
3747 3242 3869 3309 quod

2250 3325 2567 3394 Christiani
2591 3327 2851 3398 colligunt
2871 3336 3116 3397 tempore
3141 3327 3383 3382 Romani
3415 3329 3669 3399 imperii.
3686 3331 3869 3387 Idcirco

2269 3417 2354 3472 fas
2379 3427 2464 3474 est
2483 3428 2545 3474 ut
2570 3420 2900 3476 mentionem
2927 3419 3192 3476 faciamus
3215 3435 3416 3476 eorum
3446 3437 3741 3478 sacrorum
3767 3438 3868 3489 nos,

2271 3512 2365 3582 qui
2407 3511 2702 3568 Christiani
2735 3529 2945 3579 sumus,
2995 3523 3050 3569 et
3095 3531 3124 3568 a
3156 3513 3379 3570 Christo
3415 3515 3501 3570 ita
3528 3519 3720 3573 vocati
3749 3527 3866 3574 tem-

2269 3620 2402 3676 pore
2428 3607 2714 3662 memorati
2746 3607 2984 3677 imperii,
3029 3608 3122 3678 qui
3151 3609 3219 3662 ad
3249 3623 3393 3677 opus
3441 3620 3704 3666 nostrum
3732 3611 3870 3667 semil

2273 3706 2540 3753 naverunt
2566 3713 2820 3763 messem,
2851 3714 3014 3768 quam
3064 3698 3393 3772 colligimus,
3427 3701 3502 3757 de
3545 3718 3663 3773 qua
3713 3703 3866 3758 nutri-

2271 3807 2414 3847 mur.
2446 3791 2514 3846 Et
2554 3792 2657 3848 hoc
2684 3792 2830 3848 nullo
2870 3793 2926 3847 in
2955 3801 3198 3864 tempore
3226 3795 3427 3860 satius,
3463 3813 3644 3868 quam
3694 3799 3747 3852 in
3773 3795 3864 3852 So-

2273 3884 2480 3939 vcmbri
2523 3899 2742 3951 mense,
2795 3886 2888 3954 qui
2937 3893 3020 3940 est
3055 3886 3380 3956 conjunctus
3439 3898 3502 3943 et
3549 3890 3735 3945 aﬂinis
3782 3889 3867 3944 De-

2274 3974 2500 4040 cembri,
2525 3974 2578 4029 in
2610 3991 2720 4045 quo
2753 3974 3000 4032 Christus
3023 3985 3181 4034 natus
3220 3987 3327 4046 est,
3357 3979 3462 4050 qui
3501 3981 3577 4035 ad
3607 3982 3867 4036 maturita-

2271 4074 2383 4122 tem
2422 4068 2676 4138 perduxit
2704 4071 2967 4126 sationem
2997 4073 3414 4143 prophetarum,
3470 4084 3528 4130 et
3587 4077 3748 4131 nobis
3788 4077 3865 4131 de-

2273 4159 2352 4215 dit
2394 4167 2720 4231 potestatem
2751 4161 3038 4232 colligendi
3083 4178 3226 4219 eam.
3258 4163 3471 4236 Finitis
3518 4166 3866 4238 respomoriis

2274 4251 2612 4320 superiorum
2668 4266 2979 4322 regnorum,
3026 4253 3160 4309 ordo
3198 4265 3283 4309 est
3330 4264 3392 4309 ut
3447 4267 3760 4327 sequantur
3789 4271 3864 4310 re-

2273 4343 2540 4414 sponsorii
2572 4345 2982 4414 prophetarum,
3013 4347 3106 4417 qui
3163 4347 3321 4402 nobis
3369 4347 3768 4404 laboraverunt
3813 4347 3864 4401 in

2193 4485 2248 4546 Β
2273 4449 2410 4505 quos
2463 4434 2598 4488 lines
2666 4435 2986 4491 saeculorum
3055 4437 3413 4492 devenerunt.
3477 4438 3544 4495 Ut
3611 4438 3863 4508 liquidius

2273 4532 2608 4580 monstretur
2658 4525 2802 4594 quod
2849 4524 3011 4596 cupio
3067 4525 3353 4592 intimare,
3416 4529 3702 4586 scribatur
3747 4543 3865 4601 pars

2273 4617 2517 4672 historiae
2561 4616 2849 4672 memorati
2884 4617 3063 4674 Orosii
3109 4619 3416 4692 presbyteri
3472 4624 3541 4677 de
3571 4623 3765 4679 eadem
3793 4637 3860 4677 re.

2271 4707 2319 4761 A
2352 4707 2527 4776 primo
2554 4722 2695 4761 anno
2721 4706 2931 4777 imperii
2955 4708 3078 4764 Nini
3116 4725 3399 4781 usquequo
3429 4711 3687 4785 Babylon
3716 4730 3748 4768 a
3774 4713 3864 4768 Se-

2271 4798 2558 4854 miramide
2611 4798 2904 4854 instaurari
2948 4809 3125 4872 coepta
3168 4811 3272 4868 est,
3303 4803 3695 4861 interveniunt
3747 4807 3864 4860 anni

2271 4891 2572 4961 scraginta,
2599 4900 2656 4946 et
2679 4901 2910 4964 quatuor
2942 4912 2955 4948 :
2985 4902 3040 4949 et
3065 4911 3096 4950 a
3125 4897 3302 4966 primo
3332 4912 3482 4953 anno
3510 4897 3727 4964 Procae,
3751 4915 3865 4955 cum

2269 4997 2501 5054 regnare
2529 4986 2695 5056 coepit
2728 5003 2901 5057 usque
2930 4989 2998 5044 ad
3028 4989 3394 5046 conditionem
3413 4991 3578 5049 urbis
3611 4993 3811 5050 factam
3834 5009 3864 5049 ι

2269 5072 2535 5140 Romulo,
2589 5077 2861 5132 intersunt
2903 5080 3030 5134 anni
3068 5095 3218 5150 aeque
3265 5083 3557 5153 sexaginta
3617 5096 3860 5156 quatuor.

2265 5162 2345 5218 Ita
2382 5174 2643 5236 regnante
2683 5167 2875 5234 Proca,
2926 5168 3122 5224 futurae
3175 5170 3359 5226 Romae
3403 5176 3682 5231 sementis
3726 5176 3860 5245 iacta

2265 5266 2370 5323 est,
2415 5258 2518 5314 etsi
2563 5260 2802 5315 nondum
2848 5276 3068 5330 germen
3118 5272 3425 5333 appareret.
3472 5266 3693 5322 Eodem
3731 5282 3861 5323 sum

2264 5351 2421 5420 regni
2467 5350 2636 5420 ipsius
2662 5343 2886 5417 Procas,
2918 5351 3210 5423 Babylonis
3262 5371 3491 5426 regnum
3528 5357 3758 5414 defecit.
3804 5357 3863 5411 Et

2263 5438 2446 5496 infra:
2480 5441 2718 5513 Babylon
2772 5443 3064 5499 novissime
3094 5458 3159 5499 eo
3207 5453 3451 5518 tempore
3479 5464 3512 5502 a
3543 5447 3699 5520 Cyro
3749 5463 3866 5519 rege

2266 5535 2546 5599 subversa,
2567 5549 2674 5604 quo
2700 5535 2933 5606 primum
2959 5536 3130 5592 Roma
3161 5553 3194 5592 a
3220 5537 3656 5608 Tarquiniorum
3681 5554 3866 5612 regum

2266 5627 2628 5684 dominatione
2650 5626 2880 5683 liberata
2925 5636 3027 5683 est.
3063 5628 3341 5698 Siquidem
3369 5631 3470 5686 sub
3497 5647 3615 5686 una
3645 5634 3871 5688 eadem-

2263 5733 2372 5792 que
2415 5719 2788 5778 convenientia
2819 5728 3122 5792 temporum
3145 5714 3239 5776 illa
3283 5721 3518 5791 cecidit,
3565 5723 3688 5780 ista
3744 5737 3868 5780 sur-
