4000 6124
153 211 288 268 151⁵5

1179 201 1384 259 LIBER
1423 198 1513 258 DE
1549 194 1806 258 ORDINE
1841 191 2362 253 ANTIPHONARII.

3283 191 3420 246 l5“

151 327 311 386 rexit.
358 321 452 379 Illa
502 330 633 378 tunc
686 320 925 394 primum
999 320 1427 396 alienigenarum
1478 335 1735 394 perpessa
1761 321 1816 382 Α
1839 317 1895 370 in
1941 315 2088 383 me,)
2137 312 2314 384 reperi
2351 310 2490 366 inter
2525 322 2620 365 eos
2657 308 2750 380 qui
2794 309 2862 364 de
2911 307 3134 380 psalmis
3171 316 3296 363 sunt
3328 317 3426 365 :et

152 417 534 482 dominatum;
598 416 716 472 haec
783 424 911 471 tunc
980 416 1215 488 primum
1280 417 1448 472 etiam
1511 429 1736 472 suorum

151 514 441 580 aspernata
493 504 787 578 fastigium.
834 507 928 561 Illa
969 515 1097 563 tunc
1143 507 1410 574 moriens,
1455 507 1612 579 quasi
1658 505 1740 562 di-

151 603 302 661 misit
328 598 700 654 haereditatem
741 600 901 656 :htec
946 616 1078 656 vero
1123 599 1448 671 pubescens,
1501 608 1631 654 tunc
1679 614 1740 654 se

151 690 370 766 agnovit
407 690 697 746 haeredem.
731 691 884 748 Tunc
910 689 1148 747 Orientis
1194 693 1415 758 occidit,
1459 699 1514 748 et
1558 700 1738 746 ortum

150 795 228 841 est
274 782 586 841 Occidentis
636 782 942 854 imperium.
997 785 1065 840 Et
1096 785 1295 840 iterum
1323 783 1465 840 infra
1499 783 1738 854 Babylon

147 886 272 948 post
297 890 471 931 annos
514 875 661 930 mille
710 885 928 932 centum
959 877 1241 948 sexaginta
1271 886 1532 946 quatuor,
1575 891 1767 946 quam.

149 969 366 1026 condita
396 976 516 1023 erat
559 983 590 1022 a
627 966 795 1024 Medis
832 977 888 1024 et
919 969 1120 1024 Arbato
1148 984 1275 1039 rege
1304 984 1513 1034 eorum,
1549 965 1740 1039 praefe-

147 1071 236 1118 cto
278 1071 462 1117 autem
487 1076 585 1116 suo
616 1061 866 1132 spoliata,
900 1061 1095 1130 opibus
1133 1068 1189 1114 et
1232 1075 1398 1129 regno
1434 1069 1595 1129 atque
1624 1059 1740 1129 ipso

146 1167 274 1224 rege
323 1151 538 1224 privata
582 1159 666 1208 est
721 1170 734 1206 :
788 1151 904 1222 ipsa
956 1163 1136 1207 tamen
1189 1159 1375 1222 postea
1428 1149 1742 1219 aliquandiu

144 1243 348 1298 mansit
379 1242 698 1308 incolumis;
726 1241 980 1298 similiter
1003 1250 1057 1297 et
1087 1242 1260 1296 Roma
1286 1249 1412 1310 post
1435 1255 1608 1295 annos
1652 1247 1741 1294 to-

145 1333 335 1398 tidem,
369 1333 474 1388 hoc
515 1342 598 1389 est
647 1332 794 1388 mille
825 1341 1044 1389 centum
1095 1333 1378 1404 sexaginta
1427 1341 1739 1402 quatuor,a

145 1425 341 1482 Gothis
370 1435 429 1481 et
477 1426 697 1484 Alarico
729 1441 857 1499 rege
906 1442 1128 1494 eorum,
1170 1427 1370 1483 comite
1413 1433 1596 1481 autem
1639 1441 1740 1482 suo

143 1519 356 1592 irrupta
382 1528 438 1577 et
461 1522 654 1592 opibus
674 1522 924 1594 spoliata,
956 1539 1099 1578 nunc
1143 1538 1312 1596 regno
1341 1531 1523 1579 manet
1563 1521 1740 1578 adhuc

143 1624 198 1672 et
219 1624 415 1686 regnat
439 1615 748 1674 incolumis.
779 1617 1038 1685 Quamvis
1065 1618 1120 1672 in
1148 1626 1353 1673 tantum
1385 1616 1602 1672 arcanis
1628 1622 1740 1671 sta-

144 1705 276 1763 tutis
327 1706 474 1763 inter
523 1718 811 1779 utramque
868 1709 1056 1766 urbem
1127 1709 1514 1765 convenientiae
1575 1692 1817 1763 totiusB

142 1800 277 1856 ordo
305 1809 559 1856 servatus
586 1802 678 1868 sit,
709 1809 770 1857 ut
804 1811 860 1858 et
903 1803 977 1858 ibi
1028 1801 1316 1874 prmfectus
1342 1802 1459 1871 ejus
1503 1801 1740 1859 Arbatus

143 1905 373 1963 regnum
405 1893 689 1960 invaserit,
726 1902 782 1949 et
808 1894 898 1948 hic
921 1892 1217 1964 prmlectus
1243 1893 1362 1962 ejus
1395 1892 1610 1948 Attalus
1655 1908 1743 1948 re-

143 1997 314 2053 gnare
344 1984 658 2051 tentaverit,
711 1984 928 2040 tametsi
975 1985 1119 2055 apud
1165 1985 1306 2039 hanc
1344 1984 1515 2040 solam
1545 1983 1740 2038 merito

145 2073 443 2130 Christiani
460 2077 804 2148 imperatoris
819 2078 1106 2133 attentatio
1121 2077 1350 2149 profana
1372 2085 1599 2132 vacuata
1626 2076 1698 2132 sit
1721 2093 1734 2130 :

143 2165 330 2237 itaque
369 2171 487 2226 haec
534 2171 603 2227 ad
656 2173 760 2227 hoc
804 2172 1077 2242 pracipue
1114 2171 1590 2226 commemoranda
1621 2185 1740 2225 cre-

143 2257 277 2324 didi,
321 2267 383 2315 ut
427 2270 578 2316 tanto
606 2279 807 2318 arcano
859 2262 1218 2319 ineil‘abilium
1261 2261 1591 2331 judiciorum
1644 2260 1740 2314 Dei

143 2361 211 2404 ex
236 2359 396 2420 parte
422 2351 710 2422 patefacto,
740 2354 1045 2424 intelligant
1074 2354 1128 2408 hi
1155 2355 1248 2424 qui
1281 2353 1603 2424 insipienter
1629 2353 1742 2406 uti-

145 2453 253 2510 que
308 2441 377 2496 de
429 2444 762 2513 temporibus
811 2444 1140 2500 Christianis
1175 2429 1541 2508 murmurant,
1574 2458 1741 2498 unum

146 2531 320 2590 Deum
351 2535 685 2606 disposuisse
722 2546 988 2607 tempora,
1041 2545 1094 2591 et
1140 2536 1192 2590 in
1251 2535 1519 2605 principio
1564 2533 1744 2606 Baby-

146 2622 309 2692 lonis,
339 2636 395 2682 et
427 2627 481 2681 in
532 2626 640 2683 ﬁne
679 2627 911 2682 Romani
948 2626 1202 2698 imperii,
1253 2626 1397 2681 illius
1438 2625 1742 2681 clementia:

148 2731 270 2771 esse
299 2719 444 2789 quod
491 2719 725 2773 vivimus
761 2738 773 2771 :
809 2719 954 2789 quod
1007 2727 1189 2772 autem
1234 2717 1434 2772 misere
1485 2717 1740 2781 vivimus,

149 2809 581 2882 intemperantia:
631 2821 849 2868 nostra}.
896 2812 1036 2866 Ecce
1073 2811 1265 2867 similis
1297 2809 1604 2881 Babyloniae
1654 2825 1744 2864 or-

149 2908 238 2956 tus
267 2910 321 2956 et
362 2903 577 2969 Romae,
621 2903 816 2958 similis
863 2903 1126 2974 potentia,
1165 2901 1357 2957 similis
1405 2901 1738 2972 magnitudo,

150 2989 348 3049 similia
389 3003 654 3065 tempora,
693 2993 890 3050 similia
917 2995 1078 3060 bona,
1112 2992 1308 3048 similia
1334 2993 1472 3046 mala
1505 3011 1516 3046 :
1558 3001 1739 3047 tamen

151 3099 258 3139 non
291 3087 486 3141 similis
515 3073 691 3142 exitus
725 3085 989 3142 similisve
1035 3083 1300 3141 delectus.
1336 3083 1427 3139 Illa
1471 3084 1617 3142 enim
1647 3099 1736 3140 re-
1767 3067 1812 3130 (ἶ

151 3190 317 3246 gnum
365 3176 567 3241 amisit,
599 3177 716 3231 haec
764 3177 999 3241 retinet;
1049 3175 1139 3229 illa
1181 3175 1558 3230 interiectione
1596 3176 1741 3245 regis

151 3269 366 3336 orbata,
389 3271 508 3324 haec
538 3270 791 3325 incolumi
827 3271 1154 3340 imperatore
1194 3286 1385 3325 secura
1412 3279 1512 3325 est.
1541 3271 1607 3324 Et
1640 3271 1743 3326 hoc

154 3364 362 3432 quare?
410 3363 675 3430 Quoniam
722 3363 795 3418 ibi
846 3363 901 3417 in
951 3379 1077 3434 rege
1131 3363 1413 3419 libidinum
1467 3364 1744 3434 turpitudo

153 3455 381 3525 punita,
430 3456 520 3511 hic
561 3455 887 3511 Christiana:
944 3455 1221 3526 religionis
1275 3455 1742 3511 continentissima

155 3549 384 3618 aequitas
429 3549 483 3603 in
537 3564 664 3620 rege
709 3556 923 3603 servata
972 3555 1074 3602 est.
1122 3547 1200 3602 Ibi
1227 3546 1432 3618 absque
1467 3547 1744 3618 religionis

159 3629 466 3696 reverentia
496 3641 811 3696 aviditatem
846 3639 1140 3696 voluntatis
1167 3639 1385 3694 licentia
1417 3637 1619 3693 furoris
1644 3639 1746 3693 im-

157 3730 369 3801 plevit:
405 3732 492 3787 hic
540 3741 595 3788 et
621 3731 919 3787 Christiani
971 3731 1144 3798 fuere,
1183 3731 1274 3800 qui
1329 3737 1644 3801 parcerent,
1691 3738 1748 3784 et

159 3819 456 3880 Christiani
489 3824 685 3896 quibus
733 3832 1038 3896 parcerent,
1071 3832 1125 3879 et
1153 3822 1467 3890 Christiani,
1524 3832 1747 3895 propter

161 3929 393 3984 quorum
420 3917 759 3984 memoriam,
785 3925 841 3971 et
889 3917 943 3972 in
973 3931 1205 3988 quorum
1247 3917 1512 3971 memoria
1547 3930 1743 3987 parce-

161 4014 332 4062 retur.
379 4007 624 4080 Regnum
655 4007 945 4064 Christiani
997 4009 1179 4078 populi
1211 4009 1328 4063 sine
1364 4007 1470 4062 line
1499 4023 1748 4078 perseve-

162 4097 326 4153 rabit.
352 4097 465 4154 Hoc
490 4100 634 4154 enim
656 4100 889 4154 certavit
918 4114 1143 4171 regnum
1172 4099 1562 4166 Romanorum,
1592 4107 1652 4152 ut
1673 4107 1747 4153 to-

162 4195 251 4244 tus
277 4191 427 4246 orbis
452 4191 507 4246 in
537 4206 704 4245 unum
732 4201 1085 4246 concurreret
1115 4199 1170 4246 et
1199 4192 1537 4256 conveniret,
1564 4200 1624 4246 ut
1655 4190 1746 4246 uni

161 4279 406 4354 Augusto
445 4299 640 4341 census
671 4285 837 4340 totius
861 4286 1010 4341 orbis
1033 4285 1455 4341 describeretur.
1489 4284 1603 4342 Hoc
1635 4284 1748 4340 Deo

164 4383 385 4432 auctore
415 4377 715 4448 prtestitum
741 4387 827 4434 est
851 4377 1161 4434 Christiano
1180 4376 1400 4449 populo.
1434 4377 1551 4449 Ipse
1574 4380 1750 4435 nomi-

163 4477 327 4523 natur
351 4485 446 4540 per
469 4472 780 4527 universum
803 4470 990 4528 orbem
1013 4480 1304 4539 terrarum,
1333 4473 1448 4542 ipse
1472 4473 1567 4529 uni
1593 4471 1750 4529 Chri-

165 4566 252 4612 sto
289 4575 417 4615 vere
442 4569 497 4614 et
517 4562 902 4631 perpetualiter
929 4563 1278 4618 describitur.
1305 4562 1423 4619 Non
1453 4564 1557 4618 erit
1587 4563 1750 4620 inane

167 4648 312 4719 quod
340 4652 605 4721 propheta
641 4652 778 4706 dixit
815 4671 827 4706 :
855 4651 922 4705 In
951 4669 1154 4707 omnem
1182 4664 1377 4708 terram
1411 4657 1565 4709 exivit
1589 4673 1749 4711 sonus

168 4757 380 4810 eorum,
407 4754 455 4798 et
502 4744 557 4797 in
595 4745 728 4814 ﬁnes
769 4743 908 4800 orbis
944 4754 1119 4812 terraz,
1153 4745 1308 4799 verba
1351 4762 1551 4800 eorum.
1581 4747 1648 4802 Et
1694 4750 1750 4802 in

170 4830 459 4906 Evangelio
489 4835 771 4891 MarcizEt
793 4837 847 4890 in
877 4851 1054 4892 omnes
1091 4845 1266 4907 gentes
1293 4836 1519 4907 primum
1549 4847 1750 4908 oportet

169 4926 450 4992 prtrdicari
478 4927 844 4999 Evangelium.

699 5019 926 5078 CAPUT
979 5021 1235 5078 LXXVII.

313 5112 391 5169 De
429 5115 772 5187 responsoriis
799 5116 862 5169 de
895 5115 1110 5172 diversis
1142 5118 1318 5189 ofﬁciis
1354 5116 1603 5172 collectis.

244 5203 427 5262 Inveni
453 5208 714 5277 quosdam
749 5211 1124 5279 responsorios
1151 5211 1391 5280 disperse
1414 5211 1620 5280 positos
1653 5223 1754 5280 per

176 5291 388 5352 diversa
441 5296 616 5354 oﬂicia
670 5299 1030 5367 nocturnalia,
1064 5302 1155 5370 qui
1205 5317 1312 5356 non
1357 5302 1752 5357 conveniebant

177 5400 297 5444 cum
321 5392 550 5456 caeteris,
595 5392 782 5463 quales
805 5403 968 5448 sunt:
1012 5393 1384 5464 (Disrumpam
1418 5394 1628 5449 vincula
1655 5411 1752 5466 po-

178 5479 284 5549 puli
318 5482 487 5557 mei,-)
515 5498 676 5553 quem
703 5483 884 5540 inveni
937 5484 1078 5538 inter
1126 5485 1497 5555 responsorios
1534 5485 1600 5540 de
1646 5481 1755 5538 Ma-

181 5572 412 5633 chabaeis
444 5597 457 5634 :
488 5588 543 5636 et
572 5588 751 5636 tamen
805 5579 860 5635 in
905 5579 1130 5635 historia
1172 5577 1602 5634 Machabaeorum
1648 5591 1757 5631 non

1775 4422 1830 4485 D

1843 417 2027 464 tamen
2079 405 2193 476 ipse
2223 419 2332 460 non
2372 412 2456 458 est
2498 409 2807 472 assumptus
2852 400 2919 456 de
2950 400 3189 472 psalmis.
3223 397 3426 455 Eadem

1841 505 1984 560 ratio
2007 501 2181 558 estde
2217 502 2430 558 czeteris
2459 498 2828 571 sequentibus,
2846 498 2937 568 qui
2965 497 3125 554 simul
3163 497 3216 551 in
3258 511 3428 551 unum

1841 600 2094 665 collecti,
2152 599 2315 671 positi
2362 606 2489 653 sunt
2523 597 2577 652 in
2631 605 2821 653 nostro
2868 595 3262 668 Antiphonario
3306 603 3432 666 post

1843 696 2224 768 responsorios
2243 695 2310 750 de
2333 693 2636 765 prophetis.
2655 692 2964 764 Collegique
2992 690 3150 746 simul
3166 690 3428 761 quasdam

1843 788 2188 859 antiphonas,
2240 803 2362 857 qua:
2412 794 2713 842 consonant
2783 783 3014 852 tempori
3085 782 3433 852 exomologe-

1843 894 1989 944 seos,
2018 885 2074 933 et
2125 877 2362 933 solemus
2413 892 2508 932 eos
2559 884 2614 931 et
2663 891 2756 931 eas
2810 889 3006 929 canere
3055 888 3154 943 per
3206 881 3392 926 noctes
3417 912 3432 937 ,

1843 970 2061 1042 quando
2101 971 2426 1024 observatur
2449 967 2719 1038 jejunium
2752 967 3038 1030 indictum,
3075 974 3132 1020 et
3171 962 3434 1037 jejunium

1845 1071 2078 1134 quatuor
2105 1069 2410 1132 temporum
2439 1061 2588 1115 anni.

2367 1175 2597 1232 CAPUT
2648 1173 2926 1230 LX-XVIII.

1844 1271 1925 1327 De
1967 1271 2267 1342 antipltonis
2306 1271 2710 1394 conversﬁtupler
2757 1266 3173 1323 convenientiam
3217 1263 3334 1319 soni
3379 1263 3439 1319 in

2605 1358 2630 1394 e
2655 1357 2764 1394 uta.

2605 1357 2764 1395 etuta.

1933 1436 2261 1509 Antiphone
2315 1435 2509 1506 aliqua:
2550 1443 2677 1490 sunt
2727 1440 2852 1503 post
2908 1430 3280 1502 responsorios
3327 1427 3440 1485 eol-

1843 1522 2031 1593 lectte,
2070 1542 2302 1596 quarum
2339 1541 2506 1581 sonus
2548 1524 2801 1580 redactus
2836 1531 2922 1578 est
2970 1523 3025 1577 in
3065 1521 3179 1578 sola
3210 1519 3442 1574 Alleluia

1845 1617 1949 1672 sibi
1994 1617 2224 1674 invicem
2271 1615 2591 1686 conjuncta,
2633 1625 2694 1672 ut
2737 1631 2835 1686 per
2877 1615 3190 1671 Dominicas
3249 1622 3440 1669 noctes

1846 1726 2010 1781 super
2043 1710 2283 1782 psalmos
2325 1709 2671 1766 matutinales
2699 1709 2874 1764 solum
2912 1707 3138 1762 Alleluia
3164 1707 3438 1772 audiatur,

1845 1804 1914 1857 ad
1931 1803 2338 1858 memorandam
2367 1802 2609 1859 laetitiam
2632 1803 2827 1858 futurae
2853 1801 3294 1865 resurrectionis,
3317 1816 3438 1870 qua:

1844 1903 2019 1949 restat
2058 1895 2113 1949 in
2141 1906 2334 1950 octava
2371 1896 2478 1950 die.
2520 1894 2804 1964 Excipitur
2832 1895 3066 1964 hymnus
3115 1892 3278 1946 trium
3307 1905 3440 1959 pue-

1843 2003 2064 2055 rorum,
2108 1989 2175 2044 de
2213 2003 2320 2059 quo
2368 1988 2630 2057 scriptum
2682 1986 2944 2041 habemus
2989 1983 3045 2038 in
3092 1981 3273 2038 libello
3327 1978 3442 2038 otii-

1844 2080 1992 2136 ciali.

2384 2171 2613 2228 CAPUT
2664 2169 2900 2225 LXXIX.

1942 2263 2021 2318 De
2059 2263 2242 2318 ordine
2281 2262 2565 2334 sepultura:
2607 2262 2966 2333 cujuscunque
3013 2258 3350 2316 Christiania.

1918 2375 2102 2430 Inveni
2131 2377 2187 2431 in
2219 2374 2465 2430 Romano
2485 2386 2539 2430 et
2565 2375 2619 2429 in
2651 2373 2877 2429 Metensi
2903 2373 3315 2444 Antiphonariis
3347 2387 3440 2428 or-

1848 2471 2029 2527 dinem
2083 2472 2380 2541 scriptum,
2413 2471 2683 2541 quomodo
2734 2470 2882 2541 fungi
2930 2468 3107 2526 oliicio
3155 2470 3442 2527 conveniat

1848 2562 1995 2618 circa
2046 2563 2184 2618 ﬁnes
2230 2563 2541 2628 hominum,
2574 2571 2629 2618 et
2669 2562 2815 2618 circa
2845 2561 3178 2633 sepulturam
3224 2576 3436 2618 eorum.

1848 2652 1929 2707 Ex
1965 2654 2208 2722 utrisque
2235 2653 2425 2725 collegi
2453 2669 2514 2708 ca
2545 2670 2666 2724 qua:
2697 2663 2845 2710 recta
2875 2653 3004 2708 mihi
3041 2654 3363 2709 videbantur
3389 2663 3444 2710 et

1848 2745 2154 2800 rationabili
2203 2745 2385 2801 cursui
2435 2761 2754 2818 congruere,
2793 2753 2955 2816 atque
3008 2759 3071 2800 ea
3124 2745 3345 2801 redacta
3379 2745 3438 2800 in

1849 2849 2018 2888 unum
2057 2850 2274 2906 corpus,
2299 2835 2458 2906 posui
2485 2835 2586 2891 sub
2628 2852 2737 2892 uno
2767 2844 2920 2892 textu
2949 2836 3003 2891 in
3033 2835 3140 2892 line
3175 2837 3430 2908 Antipho-

1849 2925 1988 2981 narii
2016 2928 2208 2982 nostri.

2389 3021 2618 3080 CAPUT
2675 3023 2892 3080 LXXX.

1846 3112 1925 3168 De
1960 3116 2340 3187 responsoriis,
2389 3133 2506 3186 qua:
2547 3117 2899 3187 cantabantur
2945 3117 3011 3170 ab
3052 3117 3281 3187 antiquis
3323 3128 3444 3174 ante

2274 3185 2526 3254 hymnum
2570 3195 2766 3240 sancta!
2808 3185 2864 3239 Μ
2868 3189 3015 3240 urite.

1919 3272 2102 3329 Inveni
2135 3274 2188 3328 in
2217 3282 2432 3330 vetusto
2465 3275 2713 3331 Romano
2736 3277 3132 3348 Antiphonario
3154 3296 3444 3352 responso-

1849 3363 1931 3417 ria
1963 3364 2032 3418 ad
2071 3379 2346 3434 vesperos,
2383 3380 2504 3434 qua:
2535 3381 2636 3438 ego
2667 3367 2895 3424 subinde
2931 3370 3112 3426 audivi
3136 3386 3357 3438 canere,
3387 3381 3442 3429 et

1849 3455 2086 3509 cantavi.
2147 3454 2254 3510 Sed
2303 3457 2561 3526 quoniam
2611 3460 2848 3514 maxima
2897 3475 3026 3531 pars
3075 3463 3310 3535 regionis
3344 3481 3441 3521 no-

1847 3558 1976 3607 stra:
2011 3567 2118 3607 non
2151 3568 2214 3607 ea
2259 3553 2533 3620 cantabat,
2559 3569 2735 3625 neque
2774 3557 2926 3626 potui
2973 3557 3243 3613 rationem
3295 3560 3446 3614 inve-

1849 3645 1970 3700 nire
1997 3646 2250 3700 cantandi
2292 3663 2356 3702 ea
2396 3655 2523 3703 ante
2560 3648 2820 3719 hymnum
2849 3658 3050 3706 sanctae
3077 3651 3281 3720 Marim,
3319 3669 3442 3708 cum

1850 3747 1977 3793 ante
2003 3739 2264 3809 hymnum
2310 3739 2592 3795 Zacharia:
2630 3756 2738 3796 non
2788 3749 3162 3810 cantarentur,
3213 3753 3440 3816 praeter-

1849 3831 1973 3887 misi
1996 3846 2080 3886 ea.
2117 3832 2189 3887 At
2234 3849 2377 3889 nunc
2416 3835 2542 3904 quia
2588 3835 2770 3891 inveni
2802 3852 2866 3892 ea
2901 3837 2956 3893 in
2986 3837 3235 3894 Romano
3285 3839 3443 3894 Anti-

1849 3923 2138 3994 phonario,
2166 3923 2255 3979 hic
2286 3925 2551 3996 subjungo
2587 3926 2697 3980 illa.
2739 3926 2797 3982 In
2839 3929 3077 3984 adventu
3110 3929 3323 3984 Domini
3356 3945 3442 3984 re-

1850 4016 2199 4084 sponsorius,
2233 4014 2309 4069 Tu
2337 4017 2906 4088 exsurgens,Domine,
2939 4021 3262 4077 misereberis
3291 4020 3440 4089 Sion,

1849 4108 1974 4178 quia
2013 4118 2214 4177 tempus
2272 4108 2554 4163 miserendi
2601 4108 2740 4179 ejus,
2769 4110 2895 4180 quia
2950 4112 3084 4165 venit
3117 4121 3336 4181 tempus.
3380 4111 3440 4165 In

1849 4199 2138 4254 nativitate
2197 4199 2444 4264 Domini,
2507 4201 2918 4271 responsorius,
2976 4202 3291 4257 Benedictus
3345 4202 3436 4273 qui

1852 4289 1986 4344 venit
2009 4289 2063 4343 in
2087 4289 2296 4344 nomine
2324 4275 2559 4344 Domini.
2600 4289 2849 4346 Alleluia.
2899 4290 3126 4358 Versus,
3160 4293 3299 4348 Deus
3330 4292 3440 4348 Do-

1852 4383 2027 4437 minus
2060 4391 2109 4436 et
2152 4381 2326 4437 illuxit
2381 4383 2548 4437 nobis.
2594 4382 2651 4437 In
2695 4384 2994 4455 Epiphania
3035 4388 3435 4455 responsorius,

1853 4474 1978 4530 Dies
2021 4474 2386 4544 sanctiﬁcatus
2435 4473 2612 4529 illuxit
2657 4476 2827 4542 nobis,
2879 4476 3136 4542 Alleluia,
3187 4478 3438 4536 Alleluia.

1853 4565 2078 4630 Versus,
2097 4562 2274 4619 Venite
2295 4573 2490 4635 gentes,
2521 4575 2570 4619 et
2596 4566 2814 4620 adorate
2851 4565 3157 4629 Dominum,
3190 4568 3444 4636 Alleluia,

1854 4658 2108 4714 Alleluia.
2133 4656 2191 4710 In
2235 4657 2532 4711 Dominicis
2557 4658 2808 4710 noctibus
2837 4659 3236 4726 responsorius,
3271 4659 3442 4724 Quam

1853 4745 2192 4815 magniﬁcam
2207 4755 2326 4798 sunt
2357 4761 2513 4813 opera
2535 4743 3146 4808 tua,Domine.Versus:
3167 4745 3358 4801 Omnia
3388 4749 3445 4801 in

1853 4835 2110 4906 sapientia
2140 4834 2330 4903 fecisti,
2363 4833 2556 4904 repleta
2589 4844 2664 4888 est
2687 4844 2828 4889 terra
2867 4851 3025 4906 opera
3051 4836 3345 4902 tua,Deus.
3374 4839 3446 4893 Et

1860 4926 2057 4980 iterum
2114 4923 2529 4994 Responsorius,
2587 4940 2760 4994 usque
2797 4926 2865 4981 ad
2896 4939 3217 4997 vesperum,
3269 4926 3443 4993 Quam

1859 5017 2196 5089 magniﬁcam
2226 5027 2345 5071 sunt
2387 5032 2544 5088 opera
2571 5027 2685 5083 tua,
2715 5015 2957 5072 Domine.
2985 5018 3187 5075 Versus
3205 5059 3220 5084 ,
3250 5017 3444 5074 Omnia

1857 5111 1914 5165 in
1943 5109 2226 5181 sapientia,
2250 5117 2310 5163 ut
2329 5124 2512 5180 supra.
2552 5107 2694 5178 Infra
2738 5107 3133 5165 hebdomadam
3156 5125 3448 5181 responso-

1856 5200 1992 5256 rius.
2024 5199 2358 5270 Adjutorium
2400 5210 2638 5254 nostrum
2685 5199 2740 5254 in
2773 5202 2978 5256 nomine
3033 5199 3264 5256 Domini.
3310 5201 3446 5257 Ver-

1857 5308 1969 5358 sus,
2004 5291 2106 5358 Qui
2127 5291 2249 5363 fecit
2271 5290 2457 5346 caelum
2480 5301 2528 5346 et
2549 5301 2766 5357 terram,
2793 5306 2888 5361 per
2917 5292 3052 5347 duas
3076 5289 3446 5349 hebdomadas

1859 5385 2034 5454 infra;
2078 5386 2579 5457 Quadragesimam,
2609 5385 2987 5457 responsorios
3013 5406 3027 5442 :
3053 5385 3206 5440 Educ
3229 5386 3292 5441 de
3320 5402 3446 5441 car-

1863 5497 1976 5538 cere
2005 5483 2238 5537 animam
2282 5499 2473 5548 meam,
2500 5492 2557 5537 ut
2585 5482 2898 5553 conﬁteatur
2926 5483 3124 5539 nomini
3177 5493 3290 5549 tuo,
3331 5479 3446 5537 Do-

1863 5574 2020 5629 mine.
2056 5573 2282 5630 Versus:
2308 5574 2476 5631 Periit
2521 5577 2649 5648 fuga
2677 5593 2709 5631 a
2750 5593 2851 5643 me,
2897 5585 2946 5631 et
2991 5592 3096 5632 non
3123 5582 3202 5630 est
3245 5573 3335 5645 qui
3365 5587 3447 5626 re-

167 5661 452 5752 ,invenilur
481 5691 494 5732 :
524 5683 597 5745 et,
626 5675 878 5751 (Peccala
902 5691 1015 5732 mea
1041 5674 1176 5730 sicut
1200 5674 1404 5746 sagitta:
1439 5672 1616 5747 inﬁxa
1637 5679 1760 5731 sunt
1865 5667 2296 5748 quirat_animam
2323 5683 2513 5728 meam.
2542 5667 2600 5730 lu
2631 5670 2984 5746 sequentibus
3007 5668 3216 5732 duabus
3242 5662 3446 5728 hebdo-
