4000 6242
537 250 683 312 ista
1572 230 1905 303 AMALARll
1942 216 2388 302 persensu
2422 232 2768 301 uerrucis
2830 238 2831 241 ‘
3719 238 3863 302 ms

534 370 789 429 madibus
837 365 1217 439 respOnSOrius
1258 380 1272 422 :
1309 354 1437 423 Esto
1474 367 1646 435 nobis,
1678 366 1922 435 Domine,
1963 370 2126 424 turris
2151 372 2204 434 Α
2228 374 2365 435 vain,
2428 370 2636 426 cantatis
2680 367 2910 425 Wo
2957 360 3335 436 anniti?ch
3382 356 3447 418 in
3492 356 3860 423 Ascensius

534 461 860 537 fortitudinis
909 476 943 514 a
987 458 1122 531 facie
1177 458 1395 514 inimici.
1452 459 1509 514 in
1550 458 1861 516 novissimis
1912 456 2123 516 duabus
2232 462 2468 531 Dbrnini,
2492 463 2739 531 Alleluia,
2767 461 3019 519 Alleluia.
3051 461 3277 526 Versus,
3298 456 3568 513 Ascendit
3600 454 3857 521 Mais

535 550 960 610 hebdomadibus
1014 551 1389 623 responsorius
1409 593 1422 617 ,
1464 544 1741 622 Usquequo
1804 549 2125 605 exaltabitur
2224 553 2563 627 jabilaiione,
2592 563 2641 610 et
2671 552 2932 609 Dominus
2957 553 3015 607 in
3040 567 3159 608 voce
3187 550 3346 605 labre.
3376 549 3437 604 lu
3462 546 3687 603 diebus
3715 546 3853 606 Pal-

537 644 778 699 mimicus
808 657 950 697 meus
988 656 1145 714 super
1182 643 1304 698 me?
1337 641 1556 714 Respice
1584 651 1634 698 et
1654 643 1851 698 exaudi
1879 660 1979 708 me,
2010 644 2124 699 Do-
2160 658 2163 663 ‘
2233 657 2469 705 tecostes
2518 646 2939 720 responsurius,
2992 644 3253 710 Alleluia,
3300 641 3573 695 Alleluia.
3622 640 3851 707 Verus,

536 734 696 801 mine,
734 731 877 788 Deus
922 749 1093 789 meus.
1127 734 1347 799 Versus,
1372 733 1477 801 Qui
1517 734 1774 789 tributam
1801 748 1904 800 me,
1943 733 2123 789 exsul-
2233 740 2440 812 Περιειὶ
2465 752 2586 796 sunt
2609 750 2790 795 omnes
2827 738 3034 810 Spiritu
3054 745 3261 801 sancto,
3284 738 3645 804 etth
3686 731 3850 803 loqui,

536 826 785 881 tabuntsi
816 830 986 882 motus
1021 828 1190 898 fuero,
1228 842 1322 900 ego
1348 836 1525 883 autem
1563 830 1620 882 in
1647 828 2011 882 misericordia
2037 836 2130 882 tua
2230 830 2482 898 Alleluia,
2536 829 2789 886 Alleluia.
2837 829 2899 884 tu
2948 827 3339 885 festivitatibus
3393 834 3743 880 sanctorum
3789 824 3853 879 de

535 919 761 989 speravi.
794 918 851 973 In
897 917 1247 989 paschalibus
1283 920 1507 987 diebus,
1557 920 1960 992 responsorius,
1993 918 2131 972 Alle-

538 1005 672 1076 lt'tia,
703 1008 948 1065 Alleluia.
982 1010 1198 1076 Versus,
1234 1010 1458 1067 Cantate
1485 1011 1707 1067 Domino
1732 1008 1995 1067 canticum
2028 1024 2127 1065 no-

2232 921 2592 993 responsoriis
2622 921 2857 994 propriis
2877 934 2999 993 qua
3026 921 3083 976 in
3110 926 3271 976 nocte
3294 923 3633 974 cantamur.

544 1167 3833 1204 I================1==ﬂI========================================3===========================l=ll==lr=l===a

1176 1302 2184 1439 SYMPEOSII
2259 1316 3225 1443 AMALARII

1432 1544 1872 1602 PRESBYTERI
1910 1539 2257 1601 METENSIS
2293 1541 2389 1599 ET
2425 1540 2924 1603 CHOREPISGOPI

947 1724 1644 1844 ECLOGZE
1731 1724 1935 1837 DE
2018 1723 2112 1839 Ο

2250 1722 2729 1840 FICIO
2811 1725 3417 1850 MISSE.

1555 1929 1766 1994 (Baluz.,
1792 1926 2021 1993 Capitol...
2047 1935 2113 1977 ex
2135 1938 2226 1977 ms.
2246 1924 2299 1976 S.
2317 1924 2443 1978 Galli
2463 1924 2514 1977 lu
2544 1924 2817 1992 Helvetia.)

546 2144 875 2223 mctPIUN'r
914 2169 1172 2214 ECLOGE
1216 2167 1299 2209 ne
1343 2165 1581 2209 onnINE
1618 2162 1883 2207 ROMANO
1927 2161 2008 2203 ET
2050 2160 2129 2204 DE

2307 2130 2374 2189 X.
2409 2130 2671 2203 Deinceps
2697 2144 2827 2188 vero
2859 2128 3001 2204 quod
3028 2132 3287 2205 agiturin
3315 2132 3488 2196 ollicio
3526 2142 3749 2214 misse,
3776 2146 3845 2204 ad

624 2251 921 2309 QUATUOR
943 2244 1364 2294 OBATIUNIBUS
1392 2243 1833 2288 EPISCOPORUM
1862 2242 2002 2289 SIVE
2033 2240 2136 2283 P0-

623 2330 769 2377 PULI
816 2328 880 2373 ΙΝ
926 2328 1134 2375 ΜιεεΑ.

615 2452 858 2529 Capitula
884 2452 1159 2524 sequentis
1180 2448 1423 2523 opusculi
1450 2454 1820 2521 praenotamus
1850 2454 1909 2501 ut
1928 2447 1974 2501 si
1996 2444 2134 2500 forte

546 2548 668 2623 quis
712 2549 932 2618 ignarus
977 2554 1197 2601 exstans
1231 2542 1298 2599 de
1344 2541 1680 2614 ignobilitate
1728 2540 1888 2611 hujus
1925 2539 2130 2610 operis,

546 2638 970 2714 aggrediensque
989 2632 1118 2691 illud
1134 2632 1288 2705 quasi
1304 2628 1540 2706 dignum,
1567 2647 1631 2688 ac
1652 2638 1838 2703 postea
1858 2631 2134 2703 reperiens

544 2730 675 2799 vile,
723 2746 792 2786 ne
830 2727 1149 2801 poenitentia
1196 2725 1390 2782 ductus
1423 2725 1569 2781 dicat
1609 2725 1749 2799 apud
1781 2725 2132 2796 semetipsum

545 2822 632 2881 vel
655 2822 796 2894 apud
822 2838 949 2878 suos
977 2826 1252 2876 astantes:
1287 2812 1345 2874 Si
1371 2818 1745 2891 cognovissem
1772 2816 2133 2873 rusticitatem

547 2912 710 2985 hujus
755 2912 956 2983 operis,
999 2911 1304 2966 nullatenus
1350 2909 1408 2965 in
1452 2924 1517 2965 eo
1563 2909 1804 2965 laborem
1851 2908 2134 2965 oculorum

547 3019 793 3061 meorum
820 3002 1185 3072 impenderem
1201 3020 1215 3056 :
1231 3002 1421 3059 videat'
1433 3002 1592 3057 modo
1619 3001 1676 3055 in
1696 3000 1874 3073 capite
1900 3015 2020 3070 qua:
2050 3014 2135 3054 se-

548 3104 788 3167 quuntur
810 3108 979 3164 usque
1007 3094 1061 3149 in
1093 3092 1276 3149 ﬁnem.
1308 3076 1376 3148 Et
1406 3091 1451 3148 si
1480 3091 1728 3147 lectionis
1756 3106 1918 3148 causa
1948 3091 2004 3147 in
2034 3090 2135 3145 ali-

547 3195 710 3256 quam
736 3185 979 3241 nausiam
1006 3178 1320 3251 incurrerit,
1350 3196 1457 3239 non
1490 3180 1564 3238 illi
1593 3183 1685 3255 qui
1712 3182 1986 3239 ordinavit
2015 3190 2135 3237 tan-

549 3287 664 3334 tum
690 3278 935 3352 ingratus
973 3282 1191 3348 existat,
1238 3280 1335 3343 sed
1376 3288 1432 3336 et
1458 3279 1582 3344 sibi,
1612 3279 1706 3350 qui
1742 3279 1956 3350 cognita
1985 3280 2136 3350 igno-

546 3369 773 3435 bilitate,
799 3372 974 3444 magis
1000 3388 1119 3429 eam
1143 3372 1308 3445 elegit
1330 3371 1519 3428 rimari
1547 3387 1718 3442 usque
1744 3372 1813 3426 ad
1835 3370 2059 3426 calcem.

616 3462 657 3519 Ι.
686 3464 819 3519 lllud
845 3479 973 3521 vero
998 3466 1357 3522 intimandum
1381 3474 1465 3521 est
1485 3465 1628 3536 quod
1650 3480 1716 3521 ea
1743 3479 1863 3536 quae
1891 3464 2133 3521 celebra-

2238 2224 2373 2281 illud
2413 2230 2627 2295 tempus
2668 2224 2889 2294 respicit
2930 2227 3075 2296 quod
3112 2236 3199 2284 est
3229 2226 3586 2301 aDominica,
3614 2239 3846 2307 quando

2234 2318 2390 2391 pueri
2441 2316 2798 2373 obviaverunt
2848 2317 2899 2373 ei
2941 2331 3115 2391 usque
3162 2320 3231 2377 ad
3277 2320 3683 2382 Ascensionem
3734 2328 3841 2399 ejus

2237 2413 2351 2469 sive
2384 2408 2759 2469 Pentecosten.
2838 2450 2861 2467 κ

2306 2500 2399 2560 XI.
2438 2505 2623 2562 Oratio
2668 2519 2799 2562 vero
2847 2518 3010 2577 quam
3051 2504 3336 2580 presbyter
3369 2509 3509 2566 dicit
3555 2522 3589 2567 a
3635 2521 3841 2569 secreta

2235 2612 2408 2669 usque
2431 2598 2598 2654 Nobis
2621 2613 2826 2672 quoque
2845 2600 3224 2671 peccatoribus,
3254 2601 3401 2657 hanc
3420 2604 3739 2660 orationem
3759 2604 3839 2662 de-

2236 2690 2415 2764 signat
2437 2702 2602 2762 quam
2627 2688 2785 2747 Jesus
2809 2688 3102 2747 exercebat
3131 2691 3188 2748 in
3218 2703 3407 2751 monte
3434 2692 3666 2752 Oliveti.

2308 2785 2421 2843 XII.
2455 2785 2522 2842 Et
2546 2784 2678 2842 illud
2704 2784 2850 2856 quod
2878 2793 3067 2857 postea
3092 2786 3289 2860 agitur,
3341 2786 3481 2844 illud
3528 2799 3746 2862 tempus
3772 2792 3839 2847 si-

2236 2876 2458 2950 gniﬁcat
2482 2877 2696 2948 quando
2720 2875 2982 2932 Dominus
3009 2876 3064 2932 in
3093 2877 3342 2949 sepulcro
3371 2880 3580 2951 jacuit.

2306 2968 2443 3026 XIII.
2472 2969 2541 3025 Et
2565 2971 2781 3042 quando
2808 2971 2965 3041 panis
2990 2969 3226 3026 mittitur
3267 2974 3322 3027 in
3352 2975 3572 3041 viuum,
3606 2978 3831 3032 animam

2237 3063 2451 3121 Domini
2479 3063 2547 3119 ad
2577 3079 2775 3135 corpus
2804 3063 2985 3121 redire
3008 3063 3366 3121 demonstrat.

2306 3153 2445 3214 XIV.
2473 3154 2542 3210 Et
2564 3156 2707 3225 quod
2727 3164 2915 3227 postea
2943 3155 3265 3225 celebratur,
3292 3158 3575 3229 signiﬁcat
3601 3160 3727 3217 illas
3755 3178 3832 3217 sa-

2234 3246 2529 3303 lutationes
2555 3262 2690 3316 quas
2715 3246 2967 3303 Christus
2992 3247 3121 3304 fecit
3140 3247 3427 3320 discipulis
3454 3253 3597 3307 suis.

2305 3336 2421 3395 XV.
2449 3338 2517 3392 Et
2545 3337 2737 3395 tractio
2764 3338 3068 3395 oblatarum
3119 3338 3268 3395 illam
3313 3339 3652 3400 fractionem
3680 3345 3833 3416 signi-

2236 3429 2364 3485 ﬁcat
2394 3446 2557 3502 quam
2585 3432 2793 3490 duobus
2833 3426 3096 3489 Dominus
3127 3429 3258 3491 fecit
3302 3433 3597 3507 discipulis
3640 3438 3750 3495 suis
3780 3440 3829 3494 in

547 3568 670 3610 mus
701 3554 758 3610 in
782 3551 956 3611 ollicio
984 3556 1162 3612 missae
1195 3565 1321 3612 ante
1351 3555 1552 3613 lectum
1579 3554 1917 3627 evangelium
1958 3554 2131 3626 respi-
2161 3536 2206 3599 (ἶ
2237 3523 2460 3627 Emalls'

546 3648 744 3704 cientia
772 3658 897 3704 sunt
926 3649 995 3705 ad
1021 3650 1259 3721 primum
1296 3648 1587 3705 adventum
1611 3648 1824 3705 Domini
1859 3664 2030 3719 usque
2064 3649 2133 3705 ad

547 3738 679 3795 illud
711 3748 921 3812 tempus
946 3741 1162 3812 quando
1201 3744 1533 3815 properabat
1569 3740 1904 3799 Hierusalem
1941 3757 2133 3815 passu-

550 3844 664 3885 HIS.

618 3918 683 3975 II.
705 3916 965 3978 lntroitus
989 3938 1119 3981 vero
1139 3923 1205 3979 ad
1230 3923 1456 3980 chorum
1475 3924 1861 3997 prophetarum
1888 3924 2131 3995 respicit,

550 4022 607 4068 st
633 4015 830 4071 merito
855 4016 955 4072 hos
985 4018 1253 4090 tangimus
1276 4018 1385 4086 hic,
1413 4019 1688 4090 quoniam,
1713 4026 1771 4073 ut
1796 4016 2133 4091 Augustinus

548 4102 647 4170 ait,
677 4100 887 4176 Moyses
915 4106 1161 4163 minister
1184 4107 1291 4164 fuit
1319 4108 1529 4164 Veteris
1559 4107 1908 4163 Testamenti.

524 4204 541 4211 ’
615 4196 702 4253 ΙΙΙ.
739 4190 904 4268 Kyrie
945 4198 1140 4256 eleison
1184 4202 1252 4257 ad
1295 4215 1388 4257 eos
1435 4201 1728 4272 prophetas
1773 4200 1993 4269 respicit
2038 4198 2132 4271 qui

546 4288 691 4345 circa
726 4291 1015 4347 adventum
1061 4293 1275 4367 Domini
1313 4303 1502 4359 erant;
1544 4292 1612 4349 de
1650 4293 1848 4364 quibus
1885 4301 2005 4349 erat
2031 4291 2132 4347 Za-

547 4379 782 4465 charias,
814 4397 1020 4437 necnon
1046 4392 1101 4438 et
1130 4384 1271 4439 ﬁlius
1297 4382 1415 4453 ejus
1453 4384 1707 4440 Joannes.

617 4466 708 4521 IV.
738 4466 919 4524 Gloria
959 4474 1016 4525 in
1053 4473 1268 4528 excelsis
1314 4474 1423 4529 Deo
1469 4476 1537 4530 ad
1580 4485 1779 4530 castum
1817 4475 2131 4547 angelorum

548 4557 792 4628 respicit,
823 4559 1196 4633 quigaudium
1232 4564 1529 4618 nativitatis
1579 4565 1794 4621 Domini
1821 4566 2132 4635 pastoribus

551 4652 1025 4709 annuutiaverunt.

618 4743 682 4799 V.
715 4743 896 4800 Prima
931 4746 1155 4802 collecta
1197 4747 1265 4802 ad
1311 4748 1415 4805 hoc
1446 4748 1666 4819 respicit
1699 4749 1843 4820 quod
1869 4747 2132 4807 Dominus

546 4838 741 4907 agebat
784 4839 931 4894 circa
977 4838 1354 4895 duodecimum
1399 4857 1598 4896 annum
1634 4842 1849 4911 quando
1886 4842 2132 4899 ascendit

2361 3617 2435 3673 De
2462 3614 2699 3674 Romano
2725 3619 2908 3675 ordine
2934 3624 2984 3676 et
3010 3622 3074 3677 de
3101 3621 3328 3677 statione
3355 3622 3418 3677 in
3446 3618 3713 3679 Ecclesia.

2305 3708 2529 3766 Masculi
2559 3718 2703 3766 stant
2732 3710 2801 3767 ad
2824 3711 3118 3768 australem
3146 3722 3382 3784 partem,
3426 3722 3485 3769 et
3521 3713 3739 3770 femina
3764 3714 3823 3769 ad

2233 3801 2528 3870 borealem,
2584 3808 2644 3858 ut
2686 3805 3005 3860 ostendatur
3051 3819 3149 3877 per
3198 3801 3599 3876 perlectiorem
3656 3820 3825 3863 sexum

2234 3892 2501 3950 ﬁrmiores
2523 3902 2740 3950 sanctos
2767 3908 2982 3966 semper
3025 3895 3284 3952 constitui
3309 3896 3363 3950 in
3390 3897 3703 3968 majoribus
3728 3907 3825 3951 ten-

2233 3985 2527 4040 tationibus
2577 3995 2750 4042 aestus.
2780 3982 2939 4056 hujus
2979 3988 3187 4053 mundi,
3238 3995 3292 4043 et
3329 4000 3433 4058 per
3478 3987 3823 4045 inﬁrmiorem

2233 4074 2671 4148 fragilioremque
2721 4093 2907 4133 sexum
2957 4078 3286 4135 inﬁrmiores
3332 4078 3389 4133 in
3440 4080 3660 4150 aptiore
3698 4081 3819 4135 loco.

2231 4166 2315 4224 Ad
2343 4169 2447 4225 hoc
2476 4170 2639 4225 etiam
2669 4170 2903 4241 pertinet
2928 4170 3073 4241 quod
3115 4179 3171 4227 et
3198 4166 3444 4225 Joannes
3474 4170 3531 4225 in
3574 4172 3822 4242 Apocaly-

2232 4260 2315 4333 psi
2342 4275 2437 4316 sua
2460 4261 2595 4317 vidit
2624 4261 2869 4333 angelum
2902 4262 3098 4316 fortem
3129 4262 3221 4332 qui
3241 4261 3429 4333 posuit
3456 4263 3655 4333 pedem
3680 4276 3820 4317 suum

2233 4350 2485 4411 dextrum
2535 4370 2703 4424 super
2754 4368 2923 4421 mare,
2970 4354 3249 4411 sinistrum
3285 4365 3476 4410 autem
3513 4370 3683 4427 super
3723 4363 3822 4409 ter-

2233 4462 2371 4502 ram.
2399 4446 2647 4502 Fortiora
2675 4447 2875 4503 etenim
2916 4449 3161 4503 membra
3198 4447 3251 4502 in
3287 4446 3591 4516 majoribus
3616 4448 3822 4517 pes-icu-

2232 4538 2321 4607 lis,
2352 4537 2522 4594 altera
2554 4539 2607 4593 in
2631 4540 3065 4610 competentibus
3090 4540 3377 4595 sistuntur.

2724 4630 2799 4685 De
2828 4631 3048 4685 introitu
3077 4632 3325 4703 episcopi.

2301 4722 2599 4796 Episcopus
2632 4738 2663 4780 a
2697 4722 2827 4780 laeva
2868 4725 3187 4797 ingreditur,
3224 4736 3279 4782 et
3312 4730 3517 4786 transit
3546 4730 3623 4787 ad
3650 4730 3822 4788 dexte-

2232 4828 2368 4873 ram.
2399 4817 2600 4873 Christi
2631 4832 2797 4872 unum
2832 4828 3028 4889 corpus
3065 4832 3164 4874 nos
3194 4830 3383 4875 sumus
3410 4836 3647 4887 omnes;
3685 4820 3823 4878 ideo-

545 4906 993 4999 Hierosolymam,
1038 4937 1095 4985 et
1139 4930 1363 4986 sedebat
1401 4931 1456 4985 in
1503 4906 1700 5012 templo
1740 4931 1883 4989 inter
1923 4934 2129 4992 medios

2250 4925 2341 4983 jue
2370 4908 2451 4965 fas
2478 4916 2563 4964 est
2591 4910 2731 4979 quod
2759 4906 3044 4981 episcopus
3085 4908 3295 4967 intrans
3331 4910 3629 4970 ecclesiam
3657 4917 3823 4971 imite-

542 5015 850 5083 doctorum,
883 5025 936 5073 et
966 5016 1220 5074 audiebat
1257 5019 1377 5075 illos
1405 5029 1567 5089 atque
1595 5021 1985 5095 interrogabat.

617 5106 702 5162 VI.
729 5107 966 5178 Epistola
992 5110 1059 5165 ad
1087 5110 1523 5181 praedicationem
1550 5107 1772 5170 Joannis
1800 5115 2053 5185 pertinet.
2121 5150 2124 5154 λ

616 5200 725 5257 Vll.
753 5202 1173 5274 Responsorium
1194 5205 1262 5260 ad
1283 5204 1710 5261 benevolentiam
1739 5209 2126 5278 apostolorum,

545 5294 761 5363 quando
793 5296 964 5351 vocati
1001 5312 1033 5350 a
1064 5296 1318 5363 Domino,
1344 5306 1400 5353 et
1421 5298 1593 5353 secuti
1623 5307 1770 5354 sunt.

615 5382 748 5439 Vlll.
779 5384 1005 5440 Alleluia
1032 5386 1099 5441 ad
1124 5386 1366 5442 laetitiam
1401 5388 1596 5443 mentis
1627 5403 1816 5443 eorum
1845 5404 2007 5459 quam
2028 5376 2126 5446 ha-

546 5472 744 5530 bebant
772 5475 838 5532 de
864 5479 1312 5547 promissiouibus
1339 5478 1475 5547 ejus,
1502 5481 1587 5536 vel
1616 5481 1681 5536 de
1710 5480 1983 5536 miraculis
2009 5497 2126 5552 quae

547 5565 801 5623 videbant
824 5570 939 5625 ﬁeri
965 5571 1033 5626 ab
1057 5586 1121 5625 eo
1144 5572 1256 5627 sive
1283 5586 1379 5643 per
1407 5587 1602 5628 nomen
1631 5572 1768 5644 ejus.

619 5656 711 5711 1x.
738 5659 1081 5734 Evangelium
1113 5666 1179 5720 ad
1214 5680 1365 5721 suam
1391 5649 1829 5735 praedicationem
1864 5678 2034 5737 usque
2058 5662 2133 5722 ad

548 5747 866 5817 praedictum
890 5761 1120 5823 tempus.

2234 5010 2324 5057 tur
2345 5015 2502 5057 suum
2528 5009 2690 5071 caput
2715 4999 2991 5056 Christum
3022 5003 3413 5073 ingredientem
3450 5005 3508 5060 in
3538 5008 3818 5063 mundum.

2233 5098 2447 5153 Laevam
2476 5104 2687 5166 partem
2723 5095 2899 5168 tetigit
2936 5090 3187 5153 Salvator
3213 5108 3418 5162 noster,
3453 5100 3588 5171 quia
3624 5110 3823 5173 tempo-

2232 5189 2402 5246 ralem
2431 5186 2753 5259 assumpsit;
2785 5188 2881 5244 sed
2923 5185 3176 5245 tendebat
3221 5189 3289 5244 ad
3332 5189 3624 5247 dexteram
3654 5203 3710 5247 et
3736 5194 3823 5246 do-

2232 5280 2391 5338 cebat
2413 5276 2469 5337 id
2494 5279 2670 5352 ipsum
2711 5278 3010 5337 Ecclesiam
3048 5281 3250 5349 facere,
3281 5283 3543 5354 quoniam
3580 5298 3818 5338 resurre-

2233 5375 2411 5432 ctione
2458 5386 2681 5432 carnem
2730 5388 2892 5445 quam
2938 5376 3237 5446 assumpsit
3276 5376 3344 5430 ad
3391 5374 3683 5431 dexteram
3726 5373 3818 5429 Dei

2233 5466 2499 5535 elevavit,
2555 5476 2609 5521 et
2658 5465 2955 5523 Ecclesium
3004 5474 3157 5524 suam
3210 5482 3395 5523 secum
3451 5466 3589 5524 fecit
3632 5480 3829 5524 conse-

2232 5552 2361 5617 dere
2417 5560 2472 5616 in
2532 5560 2883 5628 caelestibus,
2957 5561 3098 5616 sicut
3147 5558 3279 5616 dicit
3333 5558 3540 5617 Paulus
3598 5569 3819 5632 aposttk

2231 5651 2338 5721 Ius,
2378 5652 2505 5726 quia
2544 5651 2706 5709 simul
2750 5650 3010 5709 excitavit
3050 5661 3105 5709 et
3151 5651 3311 5709 simul
3357 5652 3550 5709 sedere
3591 5652 3725 5707 fecit
3767 5651 3827 5705 in

2232 5751 2566 5809 easiestibus.
2590 5748 2731 5809 Audi
2774 5751 2907 5824 quid
2949 5751 3083 5810 dicit
3109 5750 3367 5809 Salomon
3403 5748 3476 5808 de
3500 5750 3733 5807 dextera
3764 5750 3829 5804 ει
