4000 6130
203 212 345 274 1317

1325 205 1622 267 Εειοειε
1663 210 1753 269 DE
1789 208 2060 270 επιειο
2096 207 2348 269 ΜΒὸΑΞ.

3334 218 3473 284 1518

197 333 333 389 lava
362 350 376 386 :
409 329 705 402 Longitudo
736 328 941 384 dierum
967 326 1024 382 in
1053 326 1267 382 dcatoro
1290 327 1429 398 ejus,
1475 336 1523 381 et
1563 327 1620 382 in
1657 327 1787 381 sini-
1812 331 1867 391 Α
1891 333 1994 392 ιεε,
2023 332 2078 381 ει
2105 325 2249 381 dedit
2270 337 2460 395 pacem
2488 322 2575 380 his
2597 321 2693 396 qui
2732 322 2953 382 fuerant
2994 325 3157 402 longe
3180 336 3239 387 et
3262 332 3350 391 bis
3378 337 3472 409 qui

196 432 310 481 ητα
335 423 483 478 illius
505 421 699 478 diuitiae
725 429 775 475 et
802 418 991 491 gloria.
1040 418 1098 474 Si
1126 418 1285 491 longo
1329 427 1569 490 tempore
1607 419 1791 475 vivere
1891 432 2079 492 prope.

196 516 466 586 cupimus,
500 516 568 570 ad
598 514 896 578 dexteram,
926 512 979 567 id
1007 520 1092 566 est
1118 512 1186 568 ad
1214 510 1450 567 futuram
1479 512 1646 567 vitam
1673 520 1789 567 ten-

196 607 413 673 damus,
440 614 493 661 et
519 607 572 661 in
605 606 825 661 sinistra
856 604 1174 660 habebimus
1208 605 1424 660 divitias
1454 613 1510 661 et
1538 605 1786 678 gloriam,

194 696 249 753 id
276 706 383 764 est,
416 697 790 753 suilieientiam
823 697 1108 769 praesentis
1134 698 1278 752 vitae.

349 788 433 843 De
458 789 767 843 diaconibus
792 798 841 843 et
869 790 1069 843 cwteris
1105 788 1358 844 ministris
1386 789 1628 862 episcopi.

262 882 479 937 lntraut
500 898 622 938 eum
648 899 713 939 eo
733 898 838 938 non
874 882 1102 953 amplius
1127 899 1289 953 quam
1319 891 1525 953 septem
1551 884 1785 950 diaconi,

189 974 422 1031 totidem
464 976 798 1039 subdiaconi,
844 976 1065 1029 totidem
1101 974 1335 1046 aeolythi
1372 991 1493 1031 eum
1542 966 1788 1031 thuribu-

189 1064 258 1120 lis
300 1081 411 1121 non
441 1066 668 1136 amplius
708 1080 869 1135 quam
914 1065 1110 1119 ternis.
1143 1063 1298 1135 Saepe
1331 1067 1591 1136 scriptum
1629 1075 1712 1121 est
1732 1076 1787 1122 et

190 1156 245 1212 in
270 1157 458 1214 multis
480 1158 613 1213 locis
633 1166 878 1228 apertum
906 1158 1051 1228 quod
1076 1160 1386 1229 septenario
1412 1174 1641 1213 onmem
1668 1160 1787 1217 uni-

188 1249 429 1304 versitas
467 1249 725 1305 Ecclesiae
766 1249 1098 1320 designatur,
1129 1250 1385 1319 quoniam
1417 1250 1787 1321 multiplicatis

186 1341 441 1411 partibus
472 1342 583 1395 suis
618 1340 747 1396 facit
774 1341 1078 1406 duodecim,
1106 1341 1161 1396 id
1185 1349 1269 1395 est
1295 1349 1378 1396 ter
1405 1350 1636 1410 quatuor
1659 1342 1788 1398 duo-

187 1431 392 1498 decim,
432 1440 485 1487 et
516 1440 706 1502 quater
754 1433 855 1487 tria
893 1432 1197 1498 duodecim,
1243 1443 1297 1487 et
1341 1447 1410 1487 ex
1455 1432 1788 1489 duodenario

186 1539 422 1579 numero
452 1525 886 1595 patriarcharum
923 1534 981 1579 et
1009 1524 1374 1595 apostolorum
1400 1525 1653 1580 universa
1680 1526 1782 1581 Ec-

186 1614 356 1672 elesia
385 1625 734 1688 propagatur.
781 1615 839 1672 Si
880 1617 1300 1688 interrogaveris
1326 1631 1493 1687 quare
1526 1632 1635 1673 non
1663 1632 1789 1689 pos-

2020 512 2096 566 De
2123 512 2304 569 Gloria
2331 511 2502 577 Patri,
2527 518 2583 568 et
2610 510 2769 580 Filio,
2798 523 2855 570 et
2881 515 3107 587 Spiritui
3133 526 3342 575 sancto.

1959 602 2089 659 Post
2140 605 2320 660 datam
2372 618 2561 675 pacem
2623 608 2917 662 concordat
2959 616 3160 665 sanctae
3217 611 3469 670 Trinitati

1889 693 2137 765 gloriam,
2163 696 2317 764 quasi
2342 695 2487 751 dicat
2516 710 2530 749 :
2560 693 2799 752 Gloriam
2828 696 3113 755 referimus
3151 701 3264 757 Deo
3297 700 3471 773 Patri,

1888 795 1943 841 et
1970 785 2128 851 Filio,
2171 795 2227 842 et
2251 786 2475 858 Spiritui
2504 797 2712 852 saneto,
2759 788 2885 858 quia
2927 805 3117 860 pacem
3144 806 3307 862 quam
3342 810 3472 865 pro-

1887 878 2131 946 phetavit
2149 892 2246 947 per
2274 888 2492 935 sanctos
2521 893 2647 935 suos
2674 881 2965 951 prophetas
2990 883 3145 937 nobis
3171 887 3225 938 in
3253 886 3476 941 novissi-

1888 970 1994 1026 mis
2037 970 2370 1041 temporibus
2406 972 2658 1043 diguatus
2683 981 2768 1029 est
2790 976 3093 1029 ostendere.
3136 975 3361 1043 Quando
3386 978 3474 1034 di-

1888 1064 1982 1129 cit,
2011 1064 2158 1119 Sicut
2188 1075 2322 1130 erat,
2346 1066 2554 1122 diaconi
2585 1068 2882 1136 procedunt
2906 1069 2975 1123 ad
3003 1069 3173 1124 altare
3195 1078 3251 1124 et
3278 1070 3473 1126 iterum

1888 1164 2235 1211 revertuntur
2260 1157 2327 1212 ad
2355 1158 2667 1229 episcOpum
2702 1166 2756 1214 et
2790 1167 2933 1219 stant
2959 1162 3144 1217 erecti.
3180 1161 3289 1217 Hoc
3313 1160 3477 1235 signi-

1889 1246 2013 1300 iicat
2035 1247 2176 1316 quod
2204 1248 2325 1304 ideo
2352 1251 2511 1304 morti
2535 1265 2594 1307 se
2624 1250 2984 1319 tradiderunt,
3016 1253 3331 1309 subauditur
3349 1270 3478 1326 apo-

1888 1340 2035 1405 stoli,
2067 1348 2126 1394 ut
2161 1339 2359 1397 Christi
2399 1343 2615 1413 corpori
2662 1344 3050 1401 adunarentur.
3100 1346 3157 1401 lu
3186 1361 3294 1418 quo
3316 1358 3477 1404 versu

1886 1435 2124 1491 varietas
2167 1436 2543 1507 multiplicium
2597 1445 2900 1508 temporum
2948 1440 3371 1506 demonstratur,
3422 1440 3476 1495 id

1887 1536 1989 1593 est,
2015 1529 2150 1582 sicut
2183 1538 2294 1583 erat
2326 1530 2381 1583 in
2404 1530 2676 1600 principio,
2712 1526 3047 1600 praeteritum
3080 1539 3137 1587 et
3164 1546 3307 1587 nunc
3336 1546 3476 1601 pra:—

1887 1636 2034 1688 sens,
2065 1630 2119 1677 et
2161 1637 2377 1693 semper
2401 1621 2642 1679 futurum
2670 1631 2725 1679 et
2751 1633 3040 1691 tetemum,
3083 1632 3138 1682 et
3184 1627 3239 1681 in
3282 1626 3479 1684 smeula

186 1707 299 1763 sint
330 1723 454 1764 esse
494 1709 549 1763 in
593 1724 659 1764 eo
695 1709 887 1764 ordine
914 1725 1009 1765 sex
1044 1718 1138 1763 aut
1161 1718 1395 1779 quatuor
1421 1716 1516 1763 aut
1543 1710 1672 1776 duo,
1700 1724 1785 1765 re-
1814 1702 1863 1761 B
1888 1713 2206 1768 saeculorum
2250 1713 2530 1786 longitudo
2558 1728 2775 1786 magna.
2818 1715 2973 1772 Unde
3001 1716 3261 1788 Origenes
3286 1734 3300 1773 :
3331 1720 3479 1787 Quo-

185 1801 470 1870 spondebo
513 1801 640 1872 quia
678 1800 822 1858 Deus
873 1802 1066 1871 impari
1116 1818 1343 1857 numero
1388 1802 1606 1873 gaudet.
1651 1800 1781 1869 Cur,

183 1894 395 1966 inquis,
418 1896 562 1952 Deus
590 1898 785 1969 gaudet
829 1898 1025 1968 impari
1064 1899 1322 1953 numero?
1351 1897 1499 1964 Dico,
1530 1900 1655 1969 quia
1684 1899 1785 1953 im-

184 2002 286 2060 par
316 2005 580 2045 numerus
620 1989 785 2045 dividi
808 2005 915 2045 non
956 1999 1154 2060 potest,
1203 1999 1258 2044 et
1308 1990 1627 2047 divisionem
1674 2004 1783 2045 non

185 2077 303 2132 vult
334 2078 481 2133 Deus
510 2079 751 2149 recipere
774 2080 830 2134 in
860 2079 1103 2135 Ecclesia
1133 2096 1252 2135 sua.
1278 2079 1385 2135 Par
1408 2096 1670 2137 numerus
1701 2080 1782 2137 di-

184 2172 509 2251 vidi'potest
552 2173 694 2230 sicut
720 2182 805 2229 est
848 2188 943 2229 sex
984 2174 1039 2228 in
1072 2182 1202 2240 tres,
1234 2182 1289 2228 et
1313 2183 1545 2244 quatuor
1570 2176 1625 2231 in
1654 2175 1780 2241 duo,

184 2276 243 2324 et
272 2269 385 2321 duo
412 2268 465 2321 in
493 2283 679 2322 unum.
708 2267 778 2321 Et
802 2282 970 2321 unum
998 2266 1119 2322 ideo
1147 2283 1332 2340 parem
1364 2282 1647 2323 numerum
1676 2285 1781 2324 non

188 2361 520 2430 suscipimus
543 2360 594 2414 in
624 2360 814 2414 ordine
843 2360 1176 2429 supradicto,
1218 2362 1345 2431 quia
1383 2361 1704 2416 divisionem
1729 2369 1785 2417 et

189 2452 431 2506 schisma
489 2465 598 2507 non
651 2451 770 2506 vult
807 2452 952 2507 Deus
996 2452 1236 2523 recipere
1287 2454 1340 2507 in
1379 2452 1622 2508 Ecclesia
1663 2468 1778 2508 sua.

190 2545 454 2614 Quamvis
486 2546 782 2603 tacuissent
807 2547 874 2602 de
901 2556 1109 2619 septem
1134 2547 1450 2603 diaeonibus
1478 2547 1545 2601 ab
1572 2552 1783 2617 aposto-

188 2637 257 2695 lis
292 2639 582 2706 ordinatis,
628 2656 695 2696 ex
735 2641 862 2697 hinc
902 2640 1260 2698 decreverunt
1282 2640 1509 2713 apostoli
1540 2639 1626 2697 vel
1663 2656 1785 2696 suc-

190 2742 440 2785 cessores
478 2732 845 2802 apostolorum
889 2742 989 2802 per
1031 2746 1220 2788 omnes
1269 2731 1539 2789 Eeclesias
1576 2741 1784 2804 septem

189 2821 471 2890 diaconos,
520 2824 611 2895 qui
654 2823 954 2881 sublimiori
1011 2825 1178 2897 gradu
1218 2833 1401 2882 essent
1448 2826 1683 2894 caeteris,
1730 2834 1787 2883 et

187 2913 428 2985 proximi
474 2914 619 2970 circa
660 2922 811 2971 aram
842 2917 997 2988 quasi
1034 2917 1299 2975 columnae
1339 2918 1527 2975 altaris
1565 2920 1784 2976 assiste-

192 3014 335 3071 reut,
361 3013 567 3077 septem
592 3016 814 3080 propter
837 3018 1044 3080 septem
1066 3011 1213 3067 viros
1236 3008 1525 3082 perfeclos,
1544 3013 1781 3085 quinque

187 3107 413 3169 propter
446 3099 683 3170 quinque
730 3100 897 3157 libros
934 3101 1134 3173 Moysi,
1177 3110 1285 3159 tres
1330 3110 1553 3174 propter
1604 3116 1774 3175 spem,

190 3189 355 3246 ﬁdem
378 3198 433 3244 et
451 3191 794 3258 eharitatem,
812 3209 951 3248 unus
974 3204 1197 3264 propter
1216 3197 1480 3250 unitatem
1502 3194 1775 3251 Ecclesiae.

634 3283 714 3342 De
737 3288 1031 3357 portatione
1052 3302 1338 3341 cereorum.

263 3376 409 3445 Quot
438 3377 650 3433 diaconi
683 3383 829 3444 sunt,
856 3384 936 3432 tot
960 3378 1284 3434 candelabra
1310 3387 1633 3457 portantur,
1653 3380 1781 3452 quia

190 3473 339 3528 omni
384 3471 637 3527 Ecclesiae
680 3470 947 3528 laboranti
994 3480 1050 3529 et
1087 3474 1317 3529 imitanti
1345 3474 1622 3531 Christum
1657 3490 1783 3547 pro—

190 3565 430 3619 mittitur
448 3563 703 3633 gaudium
731 3570 947 3621 aeternte
972 3565 1096 3620 vita:
1120 3573 1175 3621 et
1203 3566 1295 3620 lux
1317 3575 1576 3637 perpetua
1628 3566 1782 3636 Quod

192 3653 483 3709 manifeste
510 3654 819 3710 declaratur
849 3656 903 3710 lu
933 3654 1250 3728 Apocalypsi
1284 3654 1529 3725 Joannis,
1569 3659 1781 3716 dicente

190 3745 422 3804 Domino
446 3748 735 3820 negligenti
764 3767 777 3803 :
807 3749 915 3820 Age
937 3750 1313 3821 paenitentiam,
1352 3758 1401 3806 et
1426 3750 1596 3822 prima
1624 3767 1783 3822 opera

192 3840 298 3909 fac.
335 3837 430 3894 Sin
468 3850 671 3907 autem,
715 3841 861 3896 uenio
896 3840 1020 3906 tibi,
1059 3849 1108 3896 et
1152 3840 1361 3896 movebo
1409 3841 1783 3897 candelame

192 3939 343 3985 tuum
369 3930 574 3987 deloco
610 3947 706 3987 suo
749 3932 930 4005 (Apoc.
973 3932 1060 4001 ιι),
1106 3932 1160 3987 id
1204 3941 1310 3999 est,
1338 3934 1620 4004 promissae
1646 3932 1783 3990 lueis

191 4036 437 4092 munere,
463 4025 509 4081 si
545 4025 920 4095 pmniteutiam
950 4041 1058 4081 non
1081 4025 1280 4098 egeris,
1308 4035 1359 4082 te
1379 4027 1622 4097 privabo.

632 4113 708 4169 De
740 4116 1034 4187 portatione
1066 4116 1341 4171 thuribuli.

265 4203 522 4260 Portatur
562 4215 618 4262 et
657 4207 1016 4273 thuribulum,
1044 4208 1187 4278 quod
1217 4207 1421 4263 Christi
1470 4220 1666 4278 corpus
1709 4220 1783 4263 ει-

191 4295 437 4368 gnitieat,
478 4296 619 4352 sicut
652 4296 912 4368 scriptum
954 4305 1034 4353 est
1084 4298 1138 4352 in
1186 4297 1375 4354 eadem
1413 4296 1775 4368 Apocalypsi:

192 4389 341 4445 Alius
367 4389 583 4461 angelus
611 4390 766 4455 venit,
793 4398 842 4444 et
871 4390 1013 4444 stetit
1042 4398 1162 4444 ante
1197 4390 1366 4444 altare
1390 4389 1585 4444 habens
1610 4388 1778 4443 thuri-

194 4482 374 4537 bulum
411 4498 628 4535 aureum
655 4480 837 4553 (Apoc.
862 4482 1005 4549 vm).
1033 4482 1187 4549 Quod
1217 4482 1295 4536 sie
1337 4481 1641 4551 expositum
1672 4487 1773 4535 est.

193 4572 252 4626 ln
295 4580 584 4640 conspectu
615 4571 823 4625 scilicet
858 4573 1107 4641 apparuit
1149 4568 1424 4635 Ecclesiae,
1458 4570 1634 4627 factus
1663 4570 1777 4643 ipse

196 4662 547 4728 thuribulum,
577 4676 643 4717 ex
680 4677 786 4732 quo
812 4663 951 4717 Deus
975 4664 1197 4718 odorem
1233 4664 1515 4719 suavitatis
1548 4662 1771 4734 accepit,

196 4764 248 4811 et
270 4755 535 4827 propitius
563 4754 739 4809 factus
759 4762 842 4811 est
865 4752 1084 4809 mundo.

483 4845 555 4900 De
581 4845 819 4916 episcopo
836 4845 955 4915 jam
978 4852 1291 4915 prwsentato
1312 4845 1491 4899 uitari.

266 4936 564 5010 Episcopus
590 4937 813 4993 veniens
849 4944 974 4991 ante
1011 4933 1185 4991 altare
1231 4936 1418 4991 adorat
1457 4948 1630 5007 primo
1658 4948 1779 4991 san-

197 5040 301 5096 cta,
345 5039 402 5086 et
436 5038 621 5101 postea
648 5044 834 5101 pacem
871 5030 962 5084 dat
988 5027 1320 5099 presbyteris
1359 5034 1411 5083 et
1442 5028 1775 5093 diaeonibus,

197 5126 319 5193 quia
350 5124 500 5177 illum
532 5123 775 5177 imitatur
803 5122 869 5178 de
909 5134 1017 5190 quo
1043 5119 1304 5192 propheta
1335 5118 1549 5190 scripsit
1575 5136 1589 5174 :
1631 5117 1779 5173 Mul-

196 5214 517 5283 tiplicabitur
542 5215 657 5284 ejus
684 5214 982 5283 imperium,
1012 5221 1059 5265 et
1087 5210 1232 5282 pacis
1261 5212 1378 5282 ejus
1404 5226 1507 5264 non
1536 5210 1632 5264 erit
1654 5210 1777 5279 ﬁnis

197 5306 332 5377 (lsa.
364 5307 464 5377 ut).
492 5306 673 5361 Primo
701 5307 983 5377 episcopus
1008 5306 1201 5361 adorat
1226 5312 1434 5373 saneta,
1456 5303 1581 5373 quia
1602 5302 1777 5374 primo

199 5398 338 5456 illius
367 5401 735 5458 misericordia
765 5401 1119 5471 impertienda
1143 5407 1227 5456 est
1249 5414 1280 5454 a
1302 5415 1413 5470 quo
1437 5414 1541 5471 pax
1573 5408 1628 5456 et
1649 5415 1777 5456 con-

200 5494 380 5549 cordia
403 5503 459 5549 et
484 5509 705 5563 regnum
736 5492 938 5549 Christi
976 5495 1116 5549 intra
1150 5510 1248 5549 nos
1282 5504 1490 5565 regnat.
1522 5494 1665 5550 Duos
1693 5506 1780 5548 sa-

202 5585 441 5642 eerdotes
467 5587 768 5654 osculatur,
810 5587 938 5658 quia
964 5586 1079 5657 ipse
1106 5595 1191 5644 est
1225 5587 1360 5657 lapis
1387 5587 1660 5657 angularis
1685 5587 1779 5657 qui

201 5680 480 5756 conjunxit
504 5684 640 5742 duos
659 5683 719 5740 in
738 5696 913 5741 unum
927 5682 1202 5756 parietem‘
1212 5681 1535 5738 altrinsecus
1562 5682 1782 5739 veniem-

1886 1807 1987 1862 ties
2034 1808 2229 1863 sarcula
2276 1809 2596 1864 saeculorum
2644 1809 3025 1878 nominantur,
3076 1812 3306 1868 fortasse
3352 1812 3481 1870 licet

1886 1899 2101 1970 ignotus
2129 1901 2309 1966 nobis,
2346 1908 2525 1955 tamen
2554 1914 2585 1955 a
2610 1900 2836 1956 Domino
2865 1883 3036 1956 status
3069 1902 3264 1973 aliquis
3289 1904 3479 1960 termi-

1883 2005 1987 2046 nus
2023 1991 2313 2057 indicatur,
2349 1991 2505 2061 quasi
2532 1991 2813 2062 superiora
2844 1992 2948 2047 tria
2977 1992 3123 2048 circa
3152 2001 3365 2065 tempus
3395 2009 3480 2051 re-

1883 2083 2156 2151 ferantur,
2211 2094 2266 2140 et
2314 2085 2420 2140 ista
2470 2084 2729 2140 inferiora
2783 2086 2929 2141 circa
2984 2085 3179 2141 amenta
3235 2084 3479 2146 ﬁdelium

1886 2178 2303 2232 transeuntium.
2339 2175 2526 2232 Altare
2558 2192 2660 2248 pro
2685 2178 2973 2234 testatione
3013 2178 3245 2235 nominis
3273 2178 3479 2238 Christi

1885 2271 1990 2325 vidi
2016 2271 2112 2325 sub
2146 2270 2316 2325 altare
2345 2285 2445 2341 per
2487 2271 2822 2343 hyperbaton
2853 2272 3053 2328 dictum
3092 2280 3206 2339 est;
3246 2288 3352 2328 non
3379 2270 3476 2328 sub

1886 2378 1981 2417 ara
2008 2363 2111 2417 vidi
2144 2354 2397 2428 occidere,
2435 2358 2529 2418 sed
2572 2362 2663 2435 qui
2689 2363 2783 2418 sub
2822 2378 2917 2418 ora
2948 2364 3159 2433 fuerunt
3191 2364 3367 2430 occisi,
3420 2363 3478 2421 id

1886 2460 1988 2520 est,
2026 2453 2127 2508 sub
2160 2452 2544 2508 testificatione
2590 2452 2825 2508 nominis
2870 2453 3097 2520 Christi,
3133 2468 3320 2509 eorum
3360 2452 3479 2510 ani-

1886 2560 2018 2600 mas-
2046 2545 2173 2600 vidi.
2222 2545 2448 2613 Quando
2492 2546 2693 2601 dicitur
2738 2545 3070 2617 prophetalis
3108 2558 3313 2613 versus,
3362 2547 3479 2617 epi-

1886 2651 2083 2708 scopus
2111 2637 2259 2692 vadit
2298 2636 2364 2693 ad
2409 2638 2600 2704 altare,
2629 2644 2683 2693 et
2713 2634 2988 2694 osculatur
3021 2655 3175 2706 eum;
3221 2640 3346 2712 quia
3376 2652 3480 2711 per

1886 2744 1982 2785 ora
2027 2732 2416 2802 prophetarum
2470 2732 2715 2788 Christus
2761 2732 2910 2787 venit
2962 2732 3017 2787 in
3071 2734 3368 2803 mundum,
3419 2741 3479 2792 et

1887 2820 2141 2877 transivit
2167 2823 2234 2879 ad
2259 2820 2597 2881 Passionem.

2324 2916 2402 2973 De
2425 2918 2649 2973 statione
2671 2918 3036 2975 diaconortmt.

1956 3006 2178 3064 Diaeoni
2201 3008 2379 3079 primo
2401 3016 2547 3065 stant
2571 3008 2819 3066 inclinati
2849 3018 2976 3067 ante
3004 3010 3176 3069 altare
3204 3014 3324 3069 eum
3357 3010 3474 3087 epi-

1885 3114 2049 3169 scopo
2081 3114 2256 3169 usque
2285 3100 2421 3155 sicut
2449 3109 2578 3164 erat,
2612 3100 2735 3170 quia
2764 3102 2963 3157 chorus
3012 3111 3310 3176 martyrum
3350 3120 3477 3160 san-

1886 3199 2094 3248 ctorum
2142 3200 2267 3246 ante
2312 3192 2662 3247 novissimam
2701 3188 3104 3248 tribulationem
3135 3195 3188 3248 in
3231 3188 3475 3252 convalle

1884 3281 2250 3354 lacrymarum
2286 3294 2486 3338 manet.
2515 3280 2710 3339 Postea
2742 3283 3003 3355 martyrio
3038 3286 3282 3341 coronati
3306 3286 3475 3344 erecti

1884 3383 2030 3430 stant
2071 3374 2301 3441 liberati,
2352 3382 2408 3430 et
2436 3376 2611 3431 securi
2633 3373 2746 3445 jam
2793 3374 2861 3431 ab
2896 3376 3041 3431 omni
3075 3379 3474 3448 persecutione,

1885 3482 2114 3539 quorum
2150 3460 2294 3522 Deus
2331 3466 2514 3523 oculos
2551 3467 2803 3524 abstersit
2834 3469 2900 3524 ab
2933 3468 3186 3526 amnibus
3225 3469 3480 3544 lacrymis

1884 3557 2033 3613 etab
2059 3559 2203 3614 omni
2234 3559 2419 3615 dolore
2447 3567 2503 3614 et
2539 3559 2606 3615 ab
2632 3559 2778 3615 omni
2802 3558 3013 3628 esurie;
3060 3554 3289 3635 ideoque
3330 3570 3477 3620 Stant

1886 3658 2012 3707 ante
2048 3650 2337 3707 Dominum
2366 3664 2597 3723 semper.

2364 3740 2443 3801 De
2487 3745 2712 3801 statione
2753 3740 2998 3819 episcopi.

1956 3832 2254 3908 Episcopus
2299 3844 2428 3893 vero
2455 3851 2669 3907 semper
2712 3844 2822 3894 stat
2861 3837 3153 3896 inclinatus
3196 3848 3369 3910 usque
3409 3841 3478 3897 ad

1883 3928 2258 4002 prophetalem
2291 3944 2543 3993 versum:
2576 3934 2703 4003 quia
2731 3933 2980 3992 Christus
3012 3946 3121 3991 non
3164 3935 3481 4007 anticipavit

1882 4032 2098 4093 tempus
2124 4036 2234 4093 quo
2256 4024 2649 4093 praenuntiatus
2677 4034 2762 4080 est
2797 4040 2897 4097 per
2935 4041 3029 4082 ora
3069 4026 3475 4098 prepbetarum.
3545 4011 3553 4018 ’

1884 4115 2152 4187 Tempore
2194 4117 2339 4172 enim
2380 4128 2488 4186 quo
2534 4118 2812 4194 propheta:
2842 4118 3211 4189 prtedlierunt
3247 4116 3396 4174 venit
3423 4118 3479 4173 in

1883 4207 2143 4261 mundum
2187 4206 2253 4261 ad
2282 4206 2617 4274 Passionem,
2662 4216 2717 4264 et
2759 4207 2880 4265 ideo
2906 4223 3030 4267 cum
3061 4216 3214 4265 versit
3246 4206 3481 4281 prophe-

1883 4301 1974 4356 tali
1997 4301 2146 4356 vadit
2172 4301 2240 4357 ad
2267 4300 2453 4365 altare,
2480 4302 2603 4372 quia
2626 4300 2900 4358 Christum
2926 4303 3193 4369 imitatur,
3216 4311 3275 4357 ut
3296 4312 3481 4360 osten-

1883 4394 1975 4451 dat
2024 4394 2223 4465 populo
2271 4395 2451 4451 omnia
2504 4411 2624 4465 qum
2676 4397 2952 4468 prophetae
3001 4397 3370 4468 praedixerunt
3413 4397 3501 4454 de—

1882 4485 2082 4543 Christi
2111 4486 2363 4556 passione
2384 4500 2511 4542 vera
2537 4503 2656 4543 csse
2685 4489 2814 4543 etin
2846 4499 3087 4560 tempore
3112 4504 3481 4547 succensum-

1883 4584 2068 4645 mata;
2114 4579 2255 4635 sicut
2307 4589 2491 4650 aperte
2531 4579 2729 4651 legitur
2766 4581 2819 4636 in
2870 4582 3155 4652 prophetia
3197 4578 3475 4638 Danielis:

1884 4671 2255 4743 Septuaginta,
2293 4668 2489 4740 inquit,
2532 4670 2873 4725 hebdomadas
2907 4672 3219 4727 abbreviatre
3243 4682 3362 4729 sunt
3388 4690 3478 4728 su-

1882 4772 1975 4832 per
1997 4761 2245 4831 populum
2288 4768 2436 4813 tuum
2478 4770 2525 4814 et
2562 4778 2719 4832 super
2746 4759 2923 4817 urbem
2958 4774 3191 4818 sanctam
3222 4774 3388 4832 tuam,
3418 4771 3478 4820 ut

1884 4858 2268 4905 consummctur
2303 4851 2688 4921 przrraricatio,
2741 4861 2790 4907 et
2830 4853 2988 4924 ﬁnem
3027 4854 3250 4925 accipiat
3295 4873 3477 4927 pecca-

1883 4952 2016 5009 tum,
2052 4949 2101 4997 et
2131 4941 2368 4996 deleatur
2394 4942 2665 5014 iniquitas,
2689 4952 2738 4999 et
2764 4943 3063 5000 adducatur
3089 4944 3305 5017 iustitia
3335 4964 3476 5001 sem-

1880 5035 2106 5105 piterna,
2145 5042 2194 5089 et
2221 5032 2502 5106 impleatur
2538 5035 2669 5091 visio
2709 5045 2757 5091 et
2794 5039 3089 5110 prophetes,
3126 5049 3174 5093 et
3212 5046 3478 5109 unguatur

1884 5126 2112 5193 Sanctus
2139 5137 2439 5183 sanctorum
2485 5126 2699 5201 (Daniel
2733 5126 2833 5202 Ix).
2866 5124 2933 5185 Et
2965 5132 3159 5186 iterum
3210 5128 3473 5187 inferius:

1882 5219 2225 5290 Conﬁrmabit
2248 5230 2421 5275 autem
2450 5230 2659 5292 pactum
2687 5220 2868 5276 multis
2896 5222 3234 5277 hebdomadis
3266 5237 3391 5287 una,
3426 5228 3476 5273 et

1882 5312 1937 5366 in
1967 5312 2186 5366 dimidio
2236 5312 2573 5366 hebdomadis
2616 5310 2819 5383 deﬁciet
2859 5313 3031 5367 hostia
3064 5323 3111 5367 et
3153 5310 3473 5381 sacriﬁcium

1883 5406 2093 5478 (Ibid.).
2127 5405 2278 5473 Quod
2309 5404 2438 5459 dicit
2475 5403 2776 5459 adducatur
2806 5404 3018 5476 iustitia
3041 5405 3377 5476 sempiterna,
3404 5402 3471 5461 de

1882 5494 2083 5551 Christi
2112 5497 2342 5550 adventu
2376 5495 2526 5550 dicit.
2563 5494 2717 5562 Quod
2759 5495 2890 5551 dicit
2932 5504 3199 5565 unguatur
3240 5492 3469 5553 Sanctus

1884 5598 2203 5651 sanctorum,
2236 5586 2299 5641 de
2320 5586 2435 5656 ejus
2458 5587 2727 5656 baptismo
2760 5588 2910 5642 dicit.
2939 5584 3093 5655 Quod
3120 5584 3253 5643 dicit
3281 5587 3475 5659 conﬁr-

1885 5681 2047 5737 mabit
2068 5689 2240 5735 autem
2261 5689 2471 5749 pactum
2498 5677 2675 5735 multis
2692 5679 3031 5736 hebdomadis
3064 5698 3193 5749 una,
3218 5679 3283 5739 de
3306 5677 3471 5735 Joan-
