4000 6250
466 273 602 332 1519

1498 267 1833 326 AMALARII
1865 264 2306 326 PRESBYTERI
2339 267 2679 326 METENSIS

3614 266 3770 324 i320

465 384 550 439 nis
579 391 888 454 praeconatu
908 390 963 438 et
993 382 1061 438 de
1089 380 1705 452 Christi‘priedicatione
1728 393 1782 441 et
1803 387 1869 441 de
1888 400 2048 442 voca-
2074 388 2128 450 Α
2150 383 2387 440 minibus
2411 391 2727 439 contentum
2751 378 3055 450 exemplum
3085 387 3270 452 potest
3304 381 3457 453 poni.
3487 381 3767 440 Scriberis

467 474 611 530 tione
631 475 998 545 apostolorum
1031 474 1180 530 dicit.
1209 473 1362 541 Quod
1387 475 1516 532 dicit
1537 485 1587 530 et
1611 477 1665 530 in
1691 478 1912 534 dimidio
1933 480 2054 534 heb-

465 567 706 622 domadis
733 567 937 637 deficiet
964 568 1135 623 hostia
1158 577 1208 622 et
1228 568 1564 636 sacriﬁcium,
1594 570 1660 626 de
1687 569 1889 627 Christi
1928 589 2054 643 pas-

465 658 618 714 sione
638 666 693 714 et
713 659 1111 715 resurrectione
1132 659 1279 714 dicit.
1297 657 1450 725 Quod
1470 667 1650 715 autem
1676 662 1809 717 dicit
1837 673 2052 733 septua-

465 754 612 822 ginta
652 754 1040 820 hebdomadas,
1073 753 1125 807 id
1165 760 1290 807 sunt
1318 753 1442 808 anni
1475 754 1679 810 solares
1707 757 2050 829 quadraginti

465 845 803 916 septuaginta
841 846 1095 916 quinque.
1125 844 1342 915 Septem
1371 847 1517 901 enim
1538 847 1662 901 anni
1680 858 1954 917 ponuntur
1995 850 2047 904 in

462 948 570 990 una
595 935 948 991 hebdomada.
969 935 1324 992 Abbreviatas
1352 937 1475 992 ideo
1505 937 1638 994 dicit
1669 940 1794 1010 quia
1823 941 1888 996 de
1916 957 2051 1012 qua-

464 1025 726 1097 dragintis
754 1028 1089 1098 septuaginta
1119 1029 1354 1099 quinque
1379 1028 1510 1085 facit
1541 1032 1926 1103 quadragintos
1955 1049 2051 1089 no-

461 1119 699 1188 naginta.
737 1119 928 1173 Aufert
952 1118 1300 1176 embolismos
1334 1121 1401 1176 de
1439 1121 1708 1179 solaribus
1736 1126 1892 1181 annis
1917 1142 2050 1196 qua-

462 1208 760 1279 dringentis
781 1212 1120 1282 septuaginta
1148 1213 1406 1282 quinque,
1430 1221 1486 1268 et
1508 1215 1659 1284 ponit
1679 1231 1921 1272 seorsum
1951 1219 2049 1274 hos

461 1313 677 1354 menses
700 1309 754 1355 et
779 1315 949 1357 annos
977 1317 1112 1372 quos
1138 1301 1318 1358 facere
1355 1313 1533 1375 potest
1579 1321 1646 1360 ex
1689 1307 2045 1365 embolismis.

458 1390 774 1448 Embolismi
819 1394 956 1449 ﬁunt
996 1382 1050 1450 in
1080 1403 1233 1452 tanto
1262 1412 1486 1453 numero
1523 1391 1787 1456 annorum
1831 1412 2048 1458 centum

457 1485 800 1552 septuaginta
850 1486 1090 1556 quinque
1122 1505 1134 1540 :
1171 1503 1309 1558 quos
1333 1498 1548 1559 oportet
1578 1493 1767 1561 partiri
1799 1510 1897 1564 per
1917 1495 2049 1550 duo-

456 1572 650 1637 decim,
681 1575 807 1644 quia
845 1576 1127 1632 duodecim
1173 1594 1388 1635 menses
1434 1582 1488 1636 in
1529 1599 1672 1638 anno
1711 1583 1866 1640 ﬁunt.
1901 1585 2048 1642 Duo-

457 1665 637 1722 decies
656 1667 802 1722 enim
832 1668 1173 1725 decatessera
1194 1672 1330 1726 ﬁunt
1355 1683 1571 1729 centum
1597 1677 1873 1748 sexaginta
1899 1687 2046 1746 octo,

2154 493 2389 549 namque
2444 476 2692 532 Clemens
2744 475 3144 531 Alexandrinus
3200 475 3268 530 de
3324 475 3535 533 Jacobo
3585 475 3768 534 fratre

2152 565 2376 623 Joannis
2406 569 2688 624 historiam
2711 568 3002 638 quamdam
3029 567 3247 636 dignam
3271 570 3555 623 memoria:
3590 569 3766 624 refer:

2155 657 2394 728 (Euseb.,
2427 658 2515 713 lib.
2550 674 2609 722 ιι,
2655 675 2702 712 c.
2753 659 2811 723 9,
2839 674 2906 712 ex
2945 658 3177 712 versione
3213 656 3443 730 Ruﬁni).
3505 677 3526 710 ι
3581 660 3656 714 Et
3695 661 3760 723 is,

2155 747 2356 818 inquit,
2413 750 2504 820 qui
2559 749 2830 804 obtulerat
2885 763 3010 804 eum
3048 747 3219 818 iudici
3274 749 3343 804 ad
3393 750 3762 822 martyrium,

2153 849 2332 894 motus
2370 840 2533 894 etiam
2557 841 2670 910 ipse
2695 839 2975 896 confessus
3001 849 3087 895 est
3112 854 3170 895 se
3203 855 3326 896 esse
3350 839 3762 896 Christianum.

2155 930 2310 986 Ducti
2347 941 2472 986 sunt
2498 922 2656 987 ambo
2690 936 2757 988 ad
2795 933 3118 1003 supplicium
3144 932 3476 1004 pariter;-et
3505 949 3640 988 cum
3665 935 3766 988 du-

2155 1030 2427 1087 cerentur,
2463 1022 2517 1076 in
2538 1022 2625 1075 via
2653 1023 2863 1094 rogavit
2899 1021 3159 1079 Jacobum
3184 1022 3299 1078 dari
3327 1023 3434 1077 sibi
3477 1025 3769 1079 remissio-

2154 1129 2297 1169 nem.
2324 1113 2510 1168 Atille
2547 1129 2842 1184 parumper
2868 1114 3196 1182 deliberans,
3233 1113 3347 1168 Pax
3390 1113 3513 1176 tibi,
3559 1114 3764 1184 inquit,

2154 1213 2211 1259 et
2231 1204 2507 1260 osculatus
2534 1214 2619 1260 est
2639 1220 2797 1272 cum;
2827 1213 2882 1260 et
2917 1204 2990 1260 ita
3015 1206 3178 1260 ambo
3205 1204 3364 1260 simul
3399 1205 3588 1274 capite
3617 1205 3765 1275 pleri

2155 1305 2299 1351 sunt.
2337 1316 2356 1349 ι
2383 1294 2617 1353 Iacobus
2644 1297 3118 1366 contemplativam
3147 1296 3314 1351 vitam
3343 1296 3606 1361 ducebat,
3633 1298 3764 1368 quia

2155 1400 2315 1442 nemo
2334 1401 2522 1442 eorum
2553 1402 2709 1442 suum
2739 1387 2939 1457 aliquid
2977 1403 3098 1443 esse
3136 1386 3370 1443 dicebat.
3405 1386 3605 1443 Socius
3631 1405 3766 1444 vero

2155 1491 2286 1532 suus
2310 1477 2490 1532 nullus
2514 1478 2726 1533 dubitat
2765 1479 2894 1548 quin
2933 1487 3258 1549 praesentem
3297 1479 3471 1533 vitam
3515 1479 3763 1546 duceret,

2156 1571 2406 1640 quamvis
2430 1587 2536 1626 una
2557 1586 2680 1626 cum
2702 1571 2794 1626 illo
2821 1571 2888 1627 ad
2911 1572 3135 1642 gloriam
3163 1573 3315 1642 regni
3342 1572 3592 1628 ccelestis
3621 1589 3756 1626 mar.

2155 1661 2299 1733 tyrio
2327 1665 2647 1721 candidatus
2687 1668 2935 1722 intraret.
2989 1667 3054 1722 lli
3101 1683 3339 1738 namque
3375 1669 3469 1740 qui
3519 1677 3765 1724 contem-

456 1757 512 1812 id
541 1766 666 1813 sunt
696 1761 1105 1828 quatuordecim
1146 1764 1302 1830 anni;
1336 1780 1471 1834 quos
1516 1769 1924 1836 quattuordecim
1956 1788 2050 1826 an-
2081 1763 2128 1822 B
2153 1753 2412 1822 Plaiivam
2442 1758 2608 1813 Vitam
2639 1759 2864 1826 ἀυουηῐν
2896 1760 3082 1831 νίεεηι
3124 1760 3330 1831 maiore
3378 1778 3613 1817 “mne”
3654 1764 3765 1817 Vi"

455 1864 555 1905 nos
581 1849 746 1905 debes
775 1851 1010 1922 adjicere
1035 1854 1103 1909 ad
1129 1856 1466 1924 supradictos
1488 1859 1909 1931 quadringentos
1929 1879 2046 1934 sep-

456 1939 703 2011 tuaginta
747 1941 1004 2010 quinque,
1052 1942 1110 1999 et
1155 1946 1290 2000 ﬁunt
1320 1949 1696 2019 quadringenti
1736 1955 2056 2026 octuaginta

456 2043 670 2083 novem.
701 2029 1102 2087 Remanserunt
1129 2050 1344 2093 menses
1371 2039 1436 2094 de
1464 2051 1682 2097 centum
1711 2047 2045 2118 septuaginta

455 2120 693 2190 quinque
729 2131 933 2192 septem
967 2139 1130 2194 super
1164 2139 1384 2184 centum
1433 2134 1713 2204 sexaginta
1752 2145 1894 2192 octo.
1938 2137 2047 2195 llos

455 2219 663 2280 septem
712 2212 850 2268 adde
889 2215 956 2269 ad
1011 2217 1434 2289 quadringentos
1486 2226 1797 2296 octuaginta
1851 2243 2046 2284 novem

454 2318 646 2371 annos,
680 2314 735 2361 et
758 2305 818 2360 ﬁt
847 2307 1122 2365 inchoatio
1152 2315 1484 2384 nonagesimi
1509 2320 1659 2386 anni,
1688 2320 1742 2375 in
1772 2337 1880 2392 quo
1903 2339 2047 2382 anno

455 2393 716 2452 Dominus
745 2402 961 2455 erucem
1001 2404 1264 2460 ascendit.
1308 2407 1376 2461 Et
1413 2408 1534 2464 ideo
1571 2408 1707 2467 dixit
1735 2403 2043 2486 propheta:

455 2485 797 2556 Conﬁrmabit
839 2502 1050 2562 pactum
1091 2495 1270 2552 multis
1298 2498 1636 2557 hebdomadis
1664 2521 1792 2572 una,
1832 2485 1960 2577 quia
1990 2509 2047 2564 in

453 2592 520 2632 ea
543 2576 780 2636 Joannes
813 2584 1162 2654 praedicabat,
1205 2596 1260 2642 et
1291 2591 1518 2660 apostoli
1556 2593 1623 2648 ad
1653 2595 1815 2651 ﬁdem
1849 2576 2046 2654 conve-

453 2678 669 2737 nerunt,
702 2680 757 2726 et
785 2673 841 2726 in
871 2673 1092 2732 dimidio
1123 2677 1480 2738 hebdomadis
1526 2684 1738 2742 occisus
1777 2696 1861 2743 est
1884 2689 2044 2744 Chri-

454 2766 571 2813 stus
605 2758 784 2817 Jesus.
824 2761 1042 2834 Septem
1069 2782 1284 2824 menses
1313 2772 1404 2840 qui
1430 2772 1600 2828 additi
1627 2785 1753 2830 sunt
1774 2778 1843 2832 ad
1873 2794 2046 2836 annos

453 2850 874 2924 quadringentos
913 2858 1220 2929 octuaginta
1262 2875 1477 2928 novem,
1511 2863 1652 2920 idem
1691 2865 1807 2937 ipse
1850 2871 1942 2940 qui
1988 2887 2047 2927 se

454 2941 695 2997 subdidit
736 2944 884 3000 Patri
930 2963 1102 3018 usque
1141 2950 1209 3003 ad
1249 2961 1501 3021 mortem,
1539 2955 1605 3010 de
1636 2957 1737 3012 hac
1768 2971 2048 3031 exspecta-

452 3029 602 3085 tione
627 3033 786 3087 matri
816 3034 995 3090 intulit
1025 3038 1209 3094 dicens
1235 3057 1246 3093 :
1283 3040 1424 3107 Quid
1452 3044 1546 3098 tibi
1574 3055 1622 3099 et
1652 3047 1780 3101 mihi
1808 3029 1901 3117 est,
1931 3069 2047 3107 mu-

2155 1851 2332 1900 tutum
2362 1863 2524 1916 quam
2557 1848 2613 1903 hi
2646 1851 2738 1920 qui
2766 1851 2998 1906 activam
3029 1851 3084 1906 in
3114 1867 3223 1921 quo
3249 1851 3501 1907 sullicere
3534 1863 3764 1924 possunt

2152 1938 2222 1992 ad
2259 1939 2507 2010 exempla
2546 1940 2772 1998 Martbte
2803 1949 2858 1998 et
2896 1941 3099 2009 Marias,
3132 1958 3238 1996 una
3274 1943 3597 1999 ministrans
3626 1945 3762 1999 acti;-

2150 2045 2277 2086 vam
2304 2033 2494 2097 vitam,
2523 2033 2694 2090 altera
2725 2035 2920 2092 sedens
2948 2036 3438 2107 contemplativam.
3558 2101 3564 2107 ι

2223 2125 2471 2181 Candelae
2492 2129 2669 2198 primo
2690 2129 2758 2184 ab
2785 2129 3054 2201 acolythis
3079 2129 3447 2184 illuminantur
3472 2138 3639 2184 extra
3672 2146 3768 2184 ec-

2151 2217 2396 2285 clesiam,
2447 2227 2503 2274 et
2550 2236 2648 2292 per
2694 2221 2972 2295 acolythos
3021 2231 3302 2294 portantur
3340 2224 3397 2278 in
3427 2223 3764 2279 ecclesiam.

2150 2307 2336 2364 Primo
2360 2310 2600 2365 candela:
2624 2315 2957 2382 praecedunt,
2988 2323 3043 2369 et
3072 2324 3358 2385 postquam
3381 2326 3617 2370 ventum
3647 2314 3768 2370 fue-

2151 2399 2223 2453 rit
2255 2399 2324 2454 ad
2353 2399 2545 2467 altare,
2578 2412 2996 2474 postponuntur.
3044 2405 3344 2476 Utrumque
3375 2407 3768 2462 demonstrant

2149 2499 2206 2545 et
2246 2491 2494 2548 doctores
2520 2493 2782 2560 ecclesiae,
2835 2495 2889 2551 id
2927 2504 3012 2551 est
3052 2495 3450 2552 illuminatores
3477 2496 3766 2552 exstitisse

2150 2588 2280 2635 ante
2309 2582 2647 2638 nativitatem
2694 2584 2929 2652 Domini,
2962 2593 3266 2655 ‘et‘postea.
3307 2586 3572 2658 Acolythi
3613 2602 3764 2640 naln-

2149 2686 2256 2742 que
2284 2687 2603 2728 accensores
2633 2673 2898 2730 luminum
2925 2676 3199 2731 dicuntur.
3242 2676 3550 2732 Portantur
3589 2677 3763 2730 mani-

2149 2760 2283 2826 bus;
2309 2763 2436 2832 quia
2463 2779 2601 2833 quos
2630 2764 2858 2822 scientia
2888 2765 3117 2837 replent,
3149 2767 3307 2822 bonis
3349 2767 3629 2836 exemplis
3658 2768 3762 2821 eri-

2150 2865 2276 2924 gere
2332 2854 2642 2911 nullatenus
2703 2872 2920 2914 cessare
2971 2859 3186 2914 debent.
3245 2859 3470 2915 Eaedem
3520 2859 3762 2915 candela:

2149 2958 2322 3015 usque
2349 2945 2417 2999 ad
2443 2944 2606 3017 Kyrie
2630 2947 2824 3004 eleison
2868 2949 3240 3022 acolythorum
3275 2952 3541 3008 manibus
3577 2963 3761 3008 tenen-

2150 3044 2270 3103 tur;
2303 3046 2357 3092 et
2388 3046 2514 3094 tunc
2545 3051 2820 3110 ponuntur
2849 3043 2904 3098 in
2934 3044 3330 3115 pavimentum,
3373 3055 3434 3101 et
3467 3056 3623 3101 stant
3654 3047 3763 3100 ﬁxo

454 3117 594 3176 lier?
633 3121 886 3178 Nondum
915 3129 1050 3182 venit
1088 3130 1218 3185 liora
1263 3149 1378 3188 mea
1408 3133 1590 3204 (Joan.
1625 3137 1709 3211 ιι).
1749 3139 2042 3213 Episcopus

2150 3126 2338 3198 gradu.
2378 3128 2469 3185 Sic
2497 3141 2712 3202 oportet
2753 3134 3004 3191 doctores
3032 3145 3089 3191 ut
3115 3138 3304 3192 rudem
3345 3138 3608 3208 populum
3641 3139 3761 3193 nul-

452 3211 638 3266 statim
667 3223 953 3286 postquam
993 3220 1301 3278 adoraverit
1322 3235 1532 3293 sancta,
1564 3231 1738 3302 pergit
1763 3211 1830 3288 ad
1863 3211 2046 3292 deste-

455 3321 575 3362 ram
598 3307 806 3376 altaris,
835 3322 890 3366 et
931 3321 1039 3368 stat
1081 3324 1263 3371 rectus
1311 3333 1500 3376 versus
1546 3324 1615 3378 ad
1653 3326 1950 3395 orientem;
1993 3339 2049 3387 et

454 3397 668 3454 diaconi
706 3409 854 3458 retro
885 3403 1034 3460 illum
1066 3421 1205 3462 unus
1232 3417 1355 3478 post
1384 3427 1572 3478 unum,
1604 3415 1786 3484 plures
1817 3420 1884 3475 ad
1910 3422 2042 3476 dex-

455 3498 655 3560 teram,
686 3495 971 3564 pauciores
1014 3499 1082 3554 ad
1115 3499 1412 3557 sinistram.
1438 3503 1736 3577 Episcopus
1763 3512 1831 3565 ad
1862 3511 2047 3570 dexte-

453 3601 574 3642 ram
608 3586 798 3644 altaris
825 3592 1116 3678 stat,.quia
1155 3592 1402 3652 Christus
1445 3613 1670 3670 regnum
1697 3603 2043 3674 praedicabat,

453 3677 510 3734 in
538 3694 645 3749 quo
673 3689 845 3736 totum
871 3682 1120 3762 dextrum
1152 3695 1256 3754 est,
1296 3697 1351 3742 et
1385 3689 1518 3745 nihil
1549 3691 1832 3750 sinistrum
1859 3697 2040 3753 habet.

455 3767 578 3825 Stat
603 3780 657 3826 et
685 3782 883 3839 rectus,
909 3776 1036 3845 quia
1063 3778 1209 3834 venit
1230 3795 1419 3852 regere
1444 3798 1571 3839 suos
1594 3784 1648 3838 in
1671 3787 1821 3858 virga
1843 3787 2040 3858 ferrea,

451 3859 510 3917 id
537 3869 639 3929 est,
670 3863 726 3918 in
751 3865 1028 3923 inﬂexibili
1069 3868 1300 3938 iustitia.
1350 3873 1469 3929 Stat
1515 3892 1703 3934 versus
1744 3878 1811 3934 ad
1854 3879 2046 3938 Orien-

453 3963 584 4023 tem,
610 3957 760 4027 quia,
782 3969 842 4014 ut
863 3959 978 4030 ipse
1004 3962 1223 4031 indicat,
1252 3981 1359 4022 non
1401 3970 1678 4038 quaerebat
1712 3972 2044 4032 voluntatem

452 4062 608 4102 suam
634 4048 834 4118 facere,
865 4054 958 4108 sed
984 4053 1100 4124 ejus
1124 4057 1216 4127 qui
1240 4057 1388 4113 illum
1419 4061 1586 4128 misit,
1616 4063 1758 4120 sicut
1781 4067 2044 4139 scriptum

450 4147 537 4194 est
560 4157 572 4194 :
609 4139 746 4207 Quia
773 4142 1038 4200 descendit
1058 4147 1123 4201 de
1147 4149 1297 4215 creto,
1323 4167 1425 4205 non
1457 4162 1514 4206 ut
1537 4153 1701 4222 faciat
1726 4157 2043 4217 voluntatem

449 4248 602 4287 suam
647 4234 828 4305 (Joan.
871 4237 974 4308 vn),
1020 4249 1074 4295 et
1128 4241 1354 4312 reliqua.
1407 4244 1692 4317 Nunquam
1742 4260 2041 4310 retrorsum

447 4339 662 4391 versus,
712 4327 809 4382 sed
860 4345 1075 4400 semper
1124 4331 1316 4388 faciem
1365 4337 1535 4405 patris
1582 4338 1840 4398 intuetur.
1890 4343 2043 4401 Unde

450 4413 566 4484 ipse
609 4417 869 4498 Dominus
915 4419 969 4473 in
1022 4421 1352 4494 Evangelio:
1392 4426 1516 4482 Scio
1559 4431 1696 4485 unde
1726 4434 1840 4488 veni
1864 4444 1911 4488 et
1938 4453 2040 4506 quo

449 4503 583 4557 vado
611 4505 794 4575 (Joan.
826 4507 968 4579 vin).
999 4510 1089 4564 Sic
1128 4529 1362 4584 namque
1407 4528 1620 4586 oportet
1661 4503 1958 4580 Christu'm‘
1983 4537 2040 4583 et

449 4611 676 4665 regnum
724 4597 1023 4667 praedicare
1063 4602 1281 4659 caeleste
1317 4615 1374 4660 et
1409 4618 1630 4675 peccata
1669 4613 1770 4668 sub
1809 4617 2035 4685 pedibus

448 4696 714 4754 sternere,
747 4690 1018 4760 respicere
1047 4700 1272 4761 aeterna,
1313 4706 1369 4752 et
1410 4701 1725 4768 temporalia
1766 4696 1914 4761 retro
1940 4707 2036 4763 ha-

446 4783 596 4838 bere.
624 4781 846 4839 Diaconi
884 4795 1031 4842 retro
1065 4795 1230 4855 stant,
1260 4790 1404 4860 quia,
1435 4792 1576 4848 sicut
1609 4795 1861 4865 diximus,
1895 4799 2034 4856 bene

449 4883 749 4944 martyrum
779 4875 948 4931 choro
981 4879 1154 4948 aptari
1180 4892 1425 4950 possunt,
1461 4883 1553 4952 qui
1581 4893 1635 4940 et
1663 4887 2037 4949 ministrantes

447 4973 574 5020 sunt
607 4964 661 5019 in
689 4974 875 5022 sancto
899 4967 1080 5036 altari,
1110 4977 1166 5024 et
1189 4971 1507 5030 dalmaticas
1536 4985 1752 5046 portant
1785 4994 1921 5051 quas
1949 4998 2010 5039 so

445 5059 592 5114 lebat
624 5061 874 5116 militaris
914 5077 1047 5119 usus
1070 5075 1309 5134 portare.
1336 5067 1443 5138 Ipsi
1488 5069 1700 5127 diaconi
1741 5089 2034 5145 praecesse-

446 5162 575 5210 runt
594 5153 661 5209 ad
695 5155 885 5223 altare,
919 5156 1041 5227 quia
1079 5157 1133 5212 in
1175 5159 1354 5217 Veteri
1389 5160 1739 5222 Testamento
1770 5178 2036 5241 martyres

443 5248 789 5316 exstiterunt,
821 5258 876 5304 et
909 5250 1070 5306 modo
1105 5261 1252 5308 retro
1283 5262 1448 5320 stant,
1475 5257 1599 5326 quia
1628 5269 1754 5328 post
1780 5261 2035 5317 nativita-

444 5347 554 5394 tem
586 5341 797 5396 Domini
829 5343 961 5397 nihil
997 5344 1175 5400 minus
1203 5347 1462 5419 martyrio
1491 5349 1649 5421 digne
1677 5363 2029 5409 coronantur.

442 5429 622 5500 Aliqui
649 5449 718 5488 ex
759 5434 890 5505 ipsis
932 5443 1078 5490 stant
1105 5438 1172 5493 ad
1199 5438 1498 5506 dexteram,
1528 5453 1581 5498 et
1610 5443 1778 5515 aliqui
1804 5446 1870 5500 ad
1896 5446 2029 5501 sini-

444 5528 637 5588 stram,
664 5525 789 5595 quia
834 5527 990 5583 multi
1040 5530 1106 5584 de
1144 5532 1559 5603 contemplativa
1611 5535 1720 5590 vita
1767 5538 2030 5611 martyrio

443 5616 686 5669 coronati
734 5630 877 5687 sunt,
915 5631 976 5677 et
1013 5623 1167 5678 multi
1211 5624 1276 5681 de
1321 5626 1494 5681 activa
1517 5627 1624 5683 vita
1668 5635 1735 5684 ad
1768 5645 2025 5690 coronam

439 5706 687 5778 martyrii
716 5712 1027 5780 procedunt.
1050 5714 1129 5770 De
1151 5716 1394 5787 utrisque
1419 5718 1594 5778 modis
1615 5719 1672 5785 in
1697 5720 1906 5784 duobus
1929 5725 2023 5785 lio—

2149 3218 2362 3277 latenus
2409 3223 2475 3278 de
2529 3226 2779 3282 manibus
2821 3229 3130 3300 relinquant
3177 3241 3478 3303 antequam
3527 3234 3761 3306 populus

2149 3313 2428 3384 subjectus
2471 3318 2603 3372 sciat
2644 3319 2824 3376 dicere
2851 3341 2862 3376 :
2895 3321 3136 3390 Domine,
3162 3325 3413 3380 miserere
3437 3329 3554 3381 "mei
3577 3346 3760 3399 pecca-

2148 3395 2298 3460 toris.
2325 3406 2478 3474 Quod
2509 3418 2593 3466 est
2631 3425 2796 3483 opere
2837 3413 3038 3482 dicere,
3067 3401 3230 3487 prout
3253 3417 3451 3474 doetus
3479 3395 3609 3475 sum
3635 3438 3666 3475 a
3689 3422 3761 3476 di-

2148 3494 2365 3554 dascalo
2395 3518 2408 3554 :
2435 3499 2697 3557 miserum
2741 3519 2827 3560 me
2872 3520 3222 3578 recognosco,
3264 3518 3324 3565 et
3370 3511 3502 3567 ideo
3543 3513 3763 3570 miscri-

2148 3593 2390 3650 cordiam
2437 3595 2652 3653 Domini
2707 3599 2998 3672 implorare
3043 3606 3276 3675 oportet.
3319 3604 3602 3678 Stantque
3632 3619 3762 3665 tunc

2145 3697 2246 3754 per
2292 3701 2351 3742 se
2398 3687 2452 3744 in
2501 3690 2726 3747 ecclesia
2775 3703 2829 3750 et
2880 3695 3185 3754 illuminant
3226 3699 3568 3765 ecclesiam,
3627 3716 3760 3771 quo-

2147 3777 2294 3832 niam
2326 3778 2407 3834 fas
2435 3790 2519 3836 est
2545 3791 2604 3837 ut
2647 3786 2737 3854 qui
2760 3786 2874 3856 jam
2911 3789 3101 3846 doctus
3132 3797 3217 3846 est
3245 3808 3277 3847 a
3308 3793 3543 3849 doctore
3571 3795 3761 3850 doceat

2145 3867 2445 3926 Ecclesiam
2505 3889 2605 3945 pro
2661 3877 2777 3932 vice
2833 3879 3092 3937 doctoris.
3157 3883 3288 3950 Quae
3335 3885 3640 3952 similiter,
3705 3897 3759 3941 ut

2148 3957 2422 4029 diximus,
2483 3963 2552 4019 de
2611 3963 2927 4024 diaconibus
2980 3971 3136 4042 plura
3196 3984 3344 4031 stant
3401 3993 3438 4031 a
3500 3977 3757 4046 dextris,

2146 4059 2202 4108 et
2245 4068 2414 4123 pauca
2465 4072 2496 4110 a
2542 4057 2797 4116 sinistris.
2857 4061 2934 4116 De
2987 4079 3096 4134 quo
3144 4067 3375 4138 idipsum
3438 4071 3759 4142 signiﬁcare

2145 4144 2284 4201 velle
2327 4146 2677 4221 intelligimus
2728 4153 2871 4223 quod
2917 4157 3166 4226 superius
3219 4161 3461 4217 diximus
3512 4165 3584 4219 de
3636 4166 3752 4220 dia-

2145 4237 2392 4295 conibus.
2427 4240 2554 4298 Post
2595 4244 2826 4314 primam
2854 4263 3089 4320 namque
3122 4254 3431 4313 orationem
3472 4269 3753 4327 ponuntur

2146 4330 2384 4387 candelae
2429 4343 2555 4390 ante
2602 4335 2794 4404 altare,
2837 4355 2946 4396 non
2981 4342 3095 4414 jam
3124 4344 3456 4404 altrinsecus
3483 4360 3542 4405 ut
3565 4363 3744 4421 antea,

2145 4421 2240 4477 sed
2281 4422 2484 4479 mistim
2521 4441 2620 4496 per
2665 4429 2907 4486 ordinem
2957 4448 3294 4508 unaquaeque
3339 4451 3470 4511 post
3513 4445 3740 4501 alteram

2143 4530 2317 4586 usque
2340 4518 2406 4573 ad
2438 4520 2821 4591 novissimam;
2867 4527 2992 4596 quia
3033 4539 3161 4585 sunt
3184 4533 3406 4602 quidam
3437 4540 3533 4608 qui
3559 4543 3744 4598 omnia

2142 4605 2456 4678 relinquunt
2473 4619 2529 4666 et
2549 4627 2668 4670 sese
2689 4616 2756 4671 ad
2781 4616 2947 4673 vitam
2976 4605 3748 4693 contemplativamconstrin-

2141 4709 2293 4771 gunt.
2323 4701 2573 4776 Plerique
2599 4709 2830 4764 activam
2859 4711 3026 4767 vitam
3067 4714 3292 4784 ducunt,
3322 4727 3380 4775 et
3401 4720 3617 4779 habent
3657 4741 3744 4781 cu-

2142 4808 2258 4848 ram
2303 4803 2642 4856 terrenarum
2683 4817 2884 4858 rerum.
2938 4805 3139 4862 Tamen
3187 4819 3454 4880 quantum
3509 4829 3742 4886 possunt

2137 4884 2512 4960 eleemosynas
2559 4889 2824 4958 faciendo,
2855 4895 3068 4966 vigilias
3111 4905 3442 4971 exercendo,
3484 4884 3741 4981 satagunt

2136 4991 2431 5048 properare
2458 4980 2526 5035 ad
2555 4981 2871 5040 Ecclesiam.
2919 4985 3066 5055 Quos
3108 5000 3368 5066 utrosque
3411 4980 3739 5057 nostraEc-

2137 5068 2302 5124 clesia
2327 5071 2529 5128 mistim
2576 5083 2740 5131 tenet.
2773 5077 2840 5132 Et
2864 5082 3110 5149 quamvis
3153 5084 3274 5142 ideo
3300 5091 3478 5159 possit
3507 5093 3736 5168 intelligi

2138 5160 2392 5218 candelas
2429 5180 2528 5236 per
2573 5168 2820 5225 ordinem
2852 5181 2978 5228 ante
3017 5174 3189 5233 altare
3221 5181 3349 5248 poni
3390 5192 3452 5236 ut
3480 5160 3736 5257 expediit:

2133 5256 2345 5326 possint
2374 5257 2606 5314 ministri
2651 5262 2719 5316 ad
2750 5262 3037 5322 ambonem
3068 5285 3288 5328 currere
3327 5283 3383 5329 et
3405 5256 3572 5332 circa,
3597 5280 3738 5336 alta-

2135 5348 2216 5404 ria
2266 5349 2594 5408 ministrare.
2618 5352 2986 5426 .Evangelium
3027 5363 3169 5430 quod
3213 5374 3465 5434 portatur
3509 5376 3734 5443 propius

2134 5443 2388 5515 episcOpo
2413 5443 2650 5502 ostendit
2675 5448 2818 5518 quod
2853 5449 3030 5522 ipsum
3060 5462 3143 5510 est
3170 5456 3328 5514 nobis
3353 5461 3442 5516 via
3468 5465 3642 5520 eundi
3665 5463 3734 5521 ad

2132 5551 2360 5610 regnum
2383 5536 2506 5596 Dei.

2629 5633 2709 5689 De
2733 5640 2962 5695 sessione
2989 5642 3232 5714 episcopi.

2201 5723 2356 5796 Quod
2382 5726 2651 5805 ⁵ιειιιιίςειιι
2709 5730 3335 5813 animarum_signiﬁoet
3380 5750 3508 5816 post
3541 5751 3730 5804 actam

2613 5818 2922 5832 -m-.—..-~....-
2942 5825 2998 5833 κν..
3011 5828 3016 5831 .
