4000 6256
253 383 377 444 1521

1334 381 1631 443 ECLOGE
1671 380 1763 440 DE
1798 374 2070 440 OFFICIO
2104 376 2353 437 MISSIE.

3354 376 3496 437 L522

252 498 536 557 orationem
558 538 576 567 ,
627 506 684 558 et
712 498 838 571 quid
891 484 1159 573 signiﬁcet
1186 497 1331 569 quod
1370 498 1671 571 presbyteri
1694 514 1820 555 cum
1846 504 1900 567 Α
1925 499 2059 556 dunt
2082 508 2208 555 ante
2231 514 2356 555 eum
2383 498 2489 554 duo
2515 494 2838 554 candelebra
2859 506 2914 553 et
2938 497 3047 554 duo
3066 496 3342 555 thuribula
3380 500 3499 559 sive

249 604 310 647 eo
332 591 536 659 sedent,
574 598 631 647 et
667 592 733 647 de
762 607 827 649 eo
867 595 1011 664 quod
1048 606 1241 648 versus
1270 591 1343 647 sit
1395 593 1464 647 ad
1512 592 1769 665 populum
1795 633 1810 661 ,

252 681 474 737 ostendit
495 682 678 737 datam
702 698 822 739 esse
848 682 926 738 illi
946 692 1268 754 potestatem
1294 698 1482 739 eorum
1512 693 1635 739 acta
1662 701 1814 740 scru-

247 773 361 827 tari.
410 773 705 845 Episcopus
756 777 971 846 quidem
998 817 1013 844 ,
1063 786 1186 848 post
1238 777 1471 847 primam
1509 780 1813 834 orationem

247 878 397 934 quam
436 866 804 935 precationem
833 870 1193 936 nominamus,
1223 870 1375 924 sedet
1406 856 1594 925 versus
1623 871 1689 925 ad
1713 885 1811 940 po-

241 954 435 1024 pulum,
462 967 517 1012 et
569 961 871 1031 presbyteri
919 978 1041 1018 cum
1077 979 1160 1020 eo.
1200 963 1257 1019 In
1308 966 1585 1035 ipsavero
1624 982 1813 1037 preca-

241 1046 378 1104 tione
400 1051 729 1119 optationem
748 1052 945 1109 bonam
975 1054 1230 1111 Ecclesiae
1258 1057 1627 1128 intelligimus,
1657 1059 1813 1127 quasi

239 1138 375 1195 dicat
395 1144 631 1213 populo:
662 1144 851 1214 Optavi
872 1146 1071 1203 bonum
1095 1147 1365 1217 Ecclesiae,
1396 1158 1450 1205 et
1482 1151 1603 1206 ideo
1626 1153 1808 1207 sedeo.

234 1226 299 1283 Et
317 1245 408 1285 vos
439 1234 676 1301 quidem,
703 1236 748 1290 si
772 1235 1005 1291 delectat
1030 1238 1273 1309 requiem
1296 1240 1576 1309 possidere
1602 1243 1808 1297 anima-

234 1334 368 1384 rum,
395 1324 619 1392 quaerite
642 1326 880 1396 primum
909 1343 1134 1399 regnum
1161 1329 1256 1384 Dei
1287 1338 1342 1384 et
1378 1330 1643 1400 justitiam
1670 1334 1807 1404 ejus,

231 1421 284 1467 et
304 1422 501 1471 aeterna
530 1420 838 1474 necessaria
866 1419 1190 1489 adjicientur
1216 1424 1393 1490 vobis,
1426 1434 1481 1481 et
1510 1435 1633 1496 post
1659 1428 1810 1483 inve-

229 1505 385 1561 nietis
405 1508 667 1578 requiem.
696 1509 854 1567 Stare
879 1528 1117 1584 namque
1140 1524 1224 1571 est
1244 1517 1487 1573 adhucin
1511 1521 1808 1577 certamine

224 1598 397 1666 posito
426 1608 482 1655 et
506 1616 683 1658 orare.
714 1602 844 1661 Post
871 1606 1153 1663 victoriam
1181 1624 1314 1665 vero
1358 1611 1547 1667 sedere
1578 1628 1642 1668 ac
1663 1612 1808 1683 judi-

226 1703 367 1745 care.
404 1691 607 1748 Sedent
634 1701 690 1749 et
708 1696 1015 1768 presbyteri
1044 1714 1168 1754 cum
1198 1716 1283 1769 eo,
1308 1717 1541 1773 quorum
1565 1704 1808 1760 ministe-

224 1782 362 1839 rium
406 1794 492 1841 est
547 1788 782 1858 idipsum
829 1792 1146 1859 enuntiare;
1203 1795 1268 1850 de
1316 1795 1512 1866 quibus
1561 1796 1800 1854 Paulus:

1913 607 2100 647 unum.
2123 589 2258 646 Illud
2283 591 2501 661 quidem
2526 588 2655 659 quid
2699 588 2967 661 signiticet
3005 588 3208 647 dictum
3236 599 3340 646 est.
3371 591 3500 649 Dia-

1915 701 2083 742 conus
2107 701 2239 741 vero
2266 692 2374 740 stat
2402 699 2591 739 versus
2637 683 2702 738 ad
2729 682 3032 738 meridiem.
3067 684 3149 739 Ad
3169 700 3333 757 quam
3370 699 3497 754 par-

1916 783 2023 831 tem
2045 776 2149 830 viri
2176 776 2349 831 solent
2391 772 2678 829 conﬂuere.
2705 772 2848 826 Petit
2874 772 3023 841 prius
3064 774 3497 829 benedictionem

1914 868 1981 921 ab
2019 866 2291 937 episcopo.
2349 865 2646 935 Episcopus
2702 863 2794 917 dat
2840 862 2917 915 illi
2961 880 2974 916 :
3018 862 3273 917 Dominus
3323 865 3391 917 sit
3440 865 3499 917 in

1913 959 2068 1013 corde
2098 968 2187 1013 tuo
2214 970 2261 1012 et
2284 959 2341 1011 in
2365 956 2518 1011 labiis
2548 957 2671 1010 tuis.
2704 955 2987 1010 lncensum
3015 956 3155 1025 quod
3184 956 3402 1025 ponitur
3440 956 3499 1011 in

1914 1052 2250 1107 thuribulum
2278 1092 2293 1117 ,
2337 1052 2637 1106 orationem
2685 1050 2928 1119 designat
2972 1057 3298 1103 sanctorum.
3343 1048 3498 1105 Unde

1913 1143 2046 1198 dicit
2076 1143 2345 1213 Propheta
2371 1161 2383 1196 :
2416 1142 2691 1211 Dirigatur
2725 1141 2893 1194 oratio
2921 1156 3036 1193 mea
3062 1140 3195 1193 sicut
3228 1140 3498 1193 incensum

1912 1235 1967 1289 in
1986 1244 2261 1305 conspectu
2287 1245 2375 1288 tuo
2401 1231 2574 1306 (Psal.
2599 1232 2745 1301 δη).
2762 1231 3035 1287 Diaconus
3061 1229 3213 1293 dicit,
3236 1229 3497 1283 Dominus

1912 1329 2190 1384 vobiscum.
2208 1329 2276 1383 Et
2289 1328 2517 1399 populus
2535 1342 2593 1383 se
2610 1328 2773 1382 vertit
2800 1327 2865 1382 ad
2886 1327 3176 1391 orientem,
3193 1334 3316 1381 orat
3329 1325 3497 1380 Deum

1911 1428 1973 1473 ut
1997 1420 2167 1490 possit
2192 1420 2351 1491 digne
2377 1419 2677 1490 intelligere
2724 1433 2841 1489 quae
2875 1418 3155 1472 auditurus
3181 1424 3285 1482 est,
3309 1424 3363 1470 et
3388 1416 3499 1471 sin-

1911 1511 2021 1584 guli
2051 1511 2255 1567 faciunt
2301 1513 2515 1584 signum
2562 1521 2765 1567 sancta:
2811 1511 2988 1567 crucis
3017 1511 3071 1565 in
3106 1508 3375 1565 frontibus
3398 1523 3495 1565 eo-

1910 1622 2055 1673 rum,
2081 1615 2143 1662 ut
2164 1622 2262 1678 per
2295 1606 2509 1677 signum
2536 1616 2737 1662 sancta:
2765 1605 2944 1661 crucis
2965 1604 3076 1660 sint
3102 1603 3336 1669 loricati,
3362 1616 3498 1673 qua-

1909 1704 2067 1752 tenus
2096 1697 2242 1752 nulla
2262 1698 2548 1768 phantasia
2569 1698 2847 1753 diabolica:
2879 1697 3084 1753 fraudis
3116 1697 3322 1751 aditum
3346 1696 3497 1749 inve-

1908 1792 2026 1847 niat
2050 1792 2357 1848 introeundi
2380 1793 2433 1846 in
2469 1792 2632 1848 corda
2655 1806 2863 1857 eorum,
2886 1798 2943 1847 et
2972 1790 3185 1845 auferre
3209 1787 3380 1858 possit
3405 1801 3465 1841 se
3482 1813 3498 1825 ο

222 1873 521 1948 Presbyteri
545 1880 743 1951 duplici
788 1883 985 1939 honore
1007 1884 1318 1955 habeantur,
1334 1864 1572 1944 maxime
1594 1891 1685 1962 qui
1719 1891 1805 1947 la-
1834 1864 1885 1925 Β
1914 1898 2038 1938 men
2063 1882 2341 1955 Evangelii
2370 1884 2436 1938 de
2466 1882 2752 1938 animabus
2771 1898 2978 1939 eorum.
3009 1882 3139 1936 Post
3167 1882 3285 1936 haec
3318 1878 3497 1935 baculi

218 1965 405 2023 borant
430 1970 485 2025 in
517 1972 668 2027 verba
697 1973 794 2029 Dei
821 1974 876 2047 (Ι
912 1975 1138 2033 Timoth.
1168 1980 1243 2051 v).
1274 1979 1405 2036 Post
1431 1983 1662 2052 primam
1688 2000 1804 2040 ora-

218 2057 421 2115 tionem
452 2069 561 2117 stat
588 2077 777 2120 versus
812 2065 881 2120 ad
924 2068 1201 2137 populum,
1232 2078 1291 2123 ut
1315 2085 1375 2125 se
1410 2082 1676 2128 monstret
1707 2090 1804 2146 po—

215 2149 341 2219 pulo
367 2162 655 2223 postquam
688 2154 918 2212 Domino
946 2173 1005 2214 se
1038 2159 1406 2217 manifestavit
1430 2166 1485 2219 et
1506 2178 1602 2219 sua
1647 2174 1800 2235 acta,

213 2242 391 2297 oravit
418 2259 519 2314 pro
547 2261 605 2301 se
632 2246 853 2319 suisque
896 2256 951 2304 et
992 2265 1093 2320 pro
1118 2252 1317 2323 papulo
1356 2255 1497 2309 bona
1547 2266 1803 2325 precatus

211 2340 312 2396 est,
352 2340 411 2387 et
438 2332 651 2390 laudem
680 2336 793 2392 Deo
847 2338 1033 2393 retulit
1088 2340 1291 2403 habere
1332 2342 1391 2402 in
1437 2343 1801 2404 ministerium

212 2437 381 2492 opera
413 2424 735 2495 populorum
777 2444 999 2485 suorum
1029 2432 1346 2489 examinare
1370 2434 1492 2504 quis
1521 2434 1666 2493 inter
1707 2454 1803 2496 eos

212 2510 412 2585 dignus
439 2516 707 2572 habeatur
732 2518 814 2574 vel
851 2519 974 2590 quis
996 2520 1266 2594 indignus.

735 2607 812 2663 De
840 2609 960 2664 sede
989 2612 1271 2683 episcOpali

278 2695 421 2753 Nam
464 2698 587 2755 ideo
617 2699 779 2758 altior
803 2702 956 2759 locus
980 2705 1189 2775 positus
1215 2717 1300 2763 est
1324 2708 1593 2782 episcopis
1617 2720 1676 2768 ut
1698 2712 1800 2783 ipsi

203 2792 658 2864 superintendant
716 2804 771 2851 et
835 2806 1093 2869 tanquam
1146 2803 1453 2859 custodiant
1516 2807 1794 2876 populum.

201 2883 346 2941 Nam
382 2894 439 2943 et
465 2886 653 2944 Crtcce
689 2890 833 2959 quod
880 2892 1081 2947 dicitur
1128 2894 1434 2966 episcopus,
1464 2898 1567 2953 hoc
1608 2899 1799 2956 Latine

199 2978 616 3048 superintentor
635 2981 1039 3052 interpretatur,
1067 2986 1194 3057 quia
1223 2989 1637 3058 superintendit,
1669 2992 1799 3061 quia

198 3070 541 3141 supervidet.
580 3072 861 3139 Quomodo
906 3076 1050 3130 enim
1100 3076 1322 3133 vinitori
1370 3079 1531 3135 altior
1560 3079 1620 3133 ﬁt
1648 3080 1797 3136 locus

194 3164 266 3219 ad
295 3164 710 3222 custodiendam
732 3166 965 3234 vineam,
984 3169 1063 3224 sic
1085 3176 1139 3225 et
1160 3169 1429 3241 episcopis
1452 3170 1611 3226 altior
1643 3170 1794 3226 locus

194 3258 384 3317 factus
422 3269 524 3317 est.
555 3260 625 3317 Et
652 3262 718 3317 de
747 3263 851 3319 isto
885 3263 1190 3333 periculoso
1217 3264 1338 3320 loco
1363 3271 1417 3319 et
1446 3265 1551 3319 alto
1578 3266 1795 3334 pericu-

191 3350 317 3405 losa
369 3350 515 3406 ratio
542 3352 801 3417 redditur,
839 3352 942 3407 nisi
979 3367 1045 3408 eo
1067 3353 1230 3408 corde
1261 3361 1465 3409 stemus
1490 3354 1581 3410 hic
1609 3364 1668 3410 ut
1697 3356 1797 3410 hu-

192 3457 248 3496 m
258 3441 441 3497 ilitate
453 3442 561 3498 .sub
573 3442 798 3513 pedibus
810 3443 1008 3500 vestris
1022 3444 1191 3500 simus
1205 3453 1260 3500 et
1269 3460 1369 3516 pro
1387 3446 1539 3502 vobis
1554 3460 1791 3503 oremus.

809 3533 890 3588 De
926 3533 1185 3605 Epistola.

266 3619 531 3677 Christus
554 3621 701 3678 enim
725 3623 974 3679 minister
999 3623 1120 3692 fuit,
1157 3624 1251 3695 qui
1298 3623 1475 3682 dixit:
1520 3625 1646 3682 Non
1681 3626 1795 3682 ueni

186 3714 503 3770 ministrari
532 3755 548 3782 ,
604 3717 695 3770 sed
754 3717 1052 3772 ministrare
1101 3716 1319 3790 (Matth.
1384 3717 1501 3791 xx).
1553 3717 1794 3775 Joannes

185 3820 405 3877 nempe
427 3806 793 3874 subminister,
824 3808 917 3880 qui
952 3808 1123 3864 dixit:
1159 3808 1263 3864 Hic
1307 3818 1420 3865 erat
1466 3826 1619 3881 quem
1646 3810 1788 3875 dixi,

182 3898 285 3971 qui
323 3906 449 3969 post
483 3915 563 3953 me
586 3908 831 3955 venturus
864 3908 962 3968 est,
986 3901 1074 3973 qui
1100 3910 1219 3956 ante
1262 3918 1345 3957 me
1375 3902 1547 3972 factus
1573 3912 1668 3970 est,
1698 3903 1793 3973 qui

184 4006 306 4046 non
344 3990 597 4046 ascendit
622 3991 688 4046 ad
717 3993 1053 4063 superiorem
1082 3994 1308 4065 gradum
1336 4008 1498 4065 quem
1534 3993 1680 4050 solus
1706 4010 1795 4050 so-

182 4081 269 4138 let
291 4082 601 4138 ascendere
630 4084 723 4155 qui
743 4084 1095 4155 Evangelium
1121 4085 1362 4141 lecturus
1391 4092 1496 4152 est,
1523 4093 1584 4140 ut
1610 4095 1794 4141 osten-

182 4178 288 4234 dat
312 4192 379 4232 se
419 4177 825 4234 subministrum
850 4194 971 4235 esse
992 4220 1007 4246 ,
1048 4179 1175 4251 quia
1200 4195 1309 4235 non
1336 4186 1422 4235 est
1447 4177 1683 4235 Joannes
1712 4179 1796 4234 di-

178 4283 340 4343 gnus
368 4266 581 4324 solvere
607 4270 896 4342 corrigiam
917 4270 1425 4339 calceamentorum,
1456 4271 1609 4342 cujus
1630 4274 1793 4328 verba

177 4364 241 4420 in
268 4377 345 4417 eo
376 4360 649 4433 leguntur.
688 4363 889 4421 Cantor
906 4378 1036 4421 vero
1060 4367 1356 4423 ascendere
1382 4374 1561 4438 potest
1586 4367 1795 4424 indiﬂ‘e-

177 4462 415 4511 renter.
445 4454 702 4511 Ascendit
745 4458 994 4529 superius
1018 4499 1033 4525 ,
1087 4460 1214 4530 quia
1247 4458 1495 4516 Christus
1540 4461 1811 4533 praelatus

173 4553 273 4601 est
295 4544 528 4600 Joanni.
546 4544 667 4601 Stat
688 4547 743 4601 in
767 4548 1120 4619 eodem,quia
1145 4549 1785 4609 aestimabaturJoannes.

177 4636 319 4691 Stat
352 4631 607 4699 inferius,
638 4637 764 4704 quia
792 4639 938 4693 venit
960 4640 1026 4694 ab
1054 4654 1119 4695 eo
1146 4641 1431 4711 baptizari.
1458 4642 1577 4699 Non
1600 4659 1791 4701 ascen-

173 4727 270 4783 dit
293 4723 563 4794 superius
589 4725 680 4795 qui
728 4730 1131 4798 responsorium
1157 4740 1343 4786 cantat
1369 4748 1535 4802 quam
1573 4737 1667 4804 qui
1710 4737 1791 4792 le-

172 4821 451 4876 ctionem
476 4818 623 4890 legit,
658 4820 753 4876 sed
781 4828 890 4878 stat
918 4821 972 4877 in
1012 4823 1199 4879 eodem
1226 4824 1365 4880 loco.
1389 4825 1458 4881 Et
1482 4825 1527 4880 si
1553 4827 1795 4882 ascendit

170 4911 482 4983 superius,
514 4912 809 4968 secundum
855 4914 1195 4984 supradictos
1218 4914 1412 4971 modos
1455 4915 1789 4987 intelligitur.

169 5002 639 5074 Responsorium
683 5005 805 5061 ideo
851 5004 1049 5061 dicitur
1089 5021 1155 5062 eo
1199 5008 1342 5078 quod
1383 5022 1493 5064 uno
1541 5014 1796 5064 cantante

167 5097 393 5155 ceteri
422 5097 801 5166 respondeant.
841 5098 1091 5155 Cantavit
1118 5116 1258 5155 unus
1284 5100 1555 5168 Christus,
1589 5101 1643 5157 id
1672 5109 1789 5168 est,

166 5186 425 5245 vocavit
449 5184 669 5241 Petrum
693 5196 749 5244 et
786 5197 1009 5246 caeteros
1035 5189 1324 5260 apostolos.
1372 5190 1455 5247 llli
1489 5191 1791 5262 responde-

165 5287 352 5345 runt,
379 5278 514 5347 quia
543 5278 818 5338 Christum
868 5283 1062 5339 imitati
1088 5292 1232 5339 sunt.
1263 5284 1332 5339 Et
1357 5284 1479 5341 ideo
1506 5300 1794 5358 responso-

164 5376 341 5432 rium
374 5374 755 5430 convocationi
794 5376 1158 5447 apostolorum
1190 5378 1461 5433 convenit.
1493 5377 1613 5449 Ipse
1646 5378 1790 5434 idem

163 5470 346 5528 solus
381 5481 608 5523 versum
635 5478 837 5537 cantat,
858 5471 983 5541 quia
1005 5471 1253 5528 Christus
1300 5487 1543 5529 seorsum
1587 5487 1788 5543 perno—

163 5577 355 5621 etans
388 5561 542 5619 solus
568 5564 789 5631 orabat,
836 5565 976 5621 sicut
1005 5566 1059 5620 in
1084 5566 1411 5637 Evangelia:
1445 5566 1568 5637 Ipse
1616 5574 1792 5621 autem

159 5667 301 5716 erat
349 5665 671 5727 pernoctans
691 5658 747 5711 in
775 5658 1009 5712 oratione
1030 5657 1183 5730 (Luc.
1210 5657 1309 5728 vi).
1355 5658 1627 5715 Diaconus
1665 5674 1787 5715 cum

160 5748 457 5810 ascendit
490 5750 556 5804 ad
581 5750 899 5821 legendum,
944 5751 1079 5822 petit
1111 5751 1544 5811 benedictionem
1578 5754 1645 5809 ab
1678 5754 1791 5824 epi~

158 5858 400 5917 scopo,
455 5849 512 5898 et
555 5843 748 5913 accipit
778 5842 1126 5915 Evangelium
1168 5842 1236 5903 de
1278 5845 1468 5916 altari;
1512 5857 1565 5905 et
1592 5864 1793 5921 prame-

616 5937 889 6002 Ps'rnon.
936 5934 1080 6017 ονε
1238 5930 1239 5933 “

1909 1976 2253 2045 deponuntur
2288 1990 2318 2029 e
2341 1975 2609 2029 manibus.
2634 1972 2802 2028 Judaei
2826 1987 3060 2043 namque
3090 1972 3411 2027 arundinem
3439 1971 3499 2026 in

1908 2066 2189 2121 dexteram
2233 2063 2359 2121 Jesu
2390 2066 2611 2132 dabant,
2640 2072 2696 2120 et
2745 2066 2987 2135 spineam
3040 2079 3293 2120 coronam
3332 2061 3499 2133 capiti

1906 2159 2025 2229 ejus
2064 2159 2457 2229 imposuerunt,
2484 2165 2537 2212 et
2572 2156 2880 2212 salutabant
2906 2172 3029 2211 eum
3054 2197 3069 2223 ,
3115 2165 3277 2226 atque
3318 2169 3496 2226 genua

1906 2256 2171 2320 ponentes
2194 2248 2492 2303 adorabant
2516 2263 2639 2305 eum
2665 2246 2966 2302 illudentes.
2994 2245 3102 2302 Nos
3122 2262 3252 2301 vero
3285 2245 3498 2315 fugien-

1906 2348 1991 2395 tes
2015 2344 2339 2395 corisensum
2363 2354 2553 2395 eorum
2578 2380 2593 2405 ,
2636 2339 2967 2409 deponamus
3028 2339 3278 2394 baculum
3330 2351 3495 2409 quem

1908 2432 1987 2488 illi
2019 2441 2313 2488 erexerunt
2341 2434 2409 2488 ob
2437 2431 2764 2504 superbiam,
2797 2447 2975 2502 neque
3014 2447 3273 2488 coronam
3320 2446 3496 2502 neque

1908 2522 2055 2579 aliud
2080 2526 2474 2596 operimentum
2527 2540 2688 2595 super
2726 2532 2888 2596 caput
2919 2526 3108 2581 eadem
3136 2525 3271 2580 hora
3307 2534 3497 2579 tenen-

1907 2624 2012 2672 tes.
2047 2615 2105 2671 Si
2133 2617 2419 2674 intraverit
2453 2618 2573 2688 quis
2622 2616 2802 2673 subito
2831 2616 3021 2673 eadem
3047 2618 3181 2672 hora
3230 2617 3286 2671 in
3308 2616 3497 2673 Eccle—

1908 2709 2069 2779 siam,
2092 2726 2199 2767 non
2228 2712 2525 2791 salutamus
2554 2727 2700 2777 eum,
2727 2727 2903 2783 neque
2930 2725 3102 2782 genua
3132 2711 3385 2781 ponimus
3424 2708 3496 2765 ad

1908 2808 2210 2865 orationem
2237 2808 2407 2862 donec
2432 2805 2629 2861 lectum
2652 2804 2721 2859 sit
2744 2803 3114 2873 Evangelium.

1975 2901 2151 2957 Aliter
2202 2898 2454 2955 baculum
2502 2912 2788 2967 possumus
2848 2896 3145 2967 intelligere
3193 2895 3493 2951 humanum

1907 2991 2255 3061 adjutorium.
2322 2990 2471 3046 Unde
2519 2998 2574 3043 et
2609 2987 2915 3044 Jeremias:
2971 2987 3286 3042 Maledictus
3340 2988 3495 3042 homo

1904 3080 1997 3151 qui
2028 3078 2240 3149 conﬁdit
2267 3078 2324 3131 in
2362 3076 2569 3131 homine
2597 3072 2814 3145 (Jerem.
2840 3074 2995 3143 xvn).
3025 3074 3095 3129 Et
3136 3073 3361 3143 reliqua.
3395 3072 3494 3127 Sa-

1908 3170 2161 3227 cerdotes
2220 3184 2456 3237 namque
2504 3168 2558 3221 in
2601 3167 2841 3222 Ecclesia
2874 3174 3103 3235 possunt
3149 3180 3273 3221 esse
3316 3165 3495 3221 baculi

1906 3261 2103 3326 nostri,
2136 3259 2228 3329 qui
2257 3274 2356 3329 pro
2385 3258 2540 3313 nobis
2566 3257 2765 3313 debent
2787 3272 2963 3313 orare.
2993 3256 3167 3324 Quam
3187 3256 3493 3313 orationem

1885 3370 2008 3427 pro
2038 3352 2230 3410 baculo
2280 3352 2553 3423 ponimus.
2602 3350 2700 3407 Est
2745 3350 3032 3421 aliquoties
3081 3358 3141 3406 ut
3176 3365 3244 3407 eo
3294 3349 3492 3406 baculo

1905 3455 2146 3515 utamur,
2170 3445 2461 3517 aliquando
2486 3458 2615 3500 non.
2654 3442 2879 3511 Quando
2903 3442 3181 3498 Christum
3218 3442 3270 3497 in
3309 3457 3494 3514 prom-

1903 3547 2000 3609 ptu
2023 3539 2307 3605 habemus,
2331 3553 2439 3593 non
2457 3544 2541 3592 est
2567 3551 2792 3593 necesse
2815 3535 2925 3591 ullo
2945 3536 3160 3591 baculo.
3194 3534 3252 3590 Si
3273 3535 3490 3605 quando

1901 3640 2126 3701 propter
2153 3637 2376 3700 peccata
2403 3636 2587 3686 nostra
2612 3627 2943 3695 discesserit,
2976 3642 3199 3683 necesse
3236 3635 3322 3683 est
3344 3643 3492 3697 qua:-

1903 3737 2026 3778 rere
2062 3723 2314 3779 baculum
2338 3762 2354 3789 ,
2401 3722 2456 3777 id
2484 3729 2570 3777 est
2593 3762 2608 3788 ,
2660 3721 2933 3777 orationes
2980 3728 3310 3775 sanctorum.
3344 3718 3489 3788 Qua-

1900 3823 2127 3885 propter
2150 3814 2364 3885 quando
2385 3815 2639 3871 sacerdos
2659 3821 2780 3868 orat
2804 3821 2967 3885 atque
2990 3813 3232 3869 celebrat
3255 3813 3486 3870 aliorum

1901 3907 2184 3963 doctorum
2214 3905 2387 3962 ollicia
2412 3948 2427 3974 ,
2470 3907 2690 3964 baculos
2718 3914 2965 3963 tenemus
3016 3907 3074 3961 in
3103 3904 3371 3962 manibus.
3423 3906 3493 3963 Et

1900 3998 2118 4068 quando
2146 3998 2316 4068 ipsius
2340 3997 2542 4054 Christi
2566 3998 2733 4055 verba
2762 3999 2918 4055 nobis
2942 3996 3251 4068 loquuntur,
3269 3997 3492 4054 baculos

1900 4103 2009 4144 non
2037 4095 2284 4144 tenemus
2312 4090 2366 4143 in
2390 4088 2659 4145 manibus.
2686 4087 2758 4145 Ut
2782 4088 3103 4145 ostendatur
3132 4104 3241 4146 non
3273 4088 3488 4146 dillicile

1900 4195 2021 4236 esse
2044 4180 2260 4237 Christo
2274 4197 2370 4252 per
2397 4196 2456 4237 se
2476 4181 2668 4238 docere
2688 4196 2846 4253 posse
2866 4180 3124 4253 populum
3148 4197 3326 4238 suum.
3342 4182 3488 4251 Quo-

1901 4272 2050 4328 niam
2079 4273 2171 4328 ubi
2201 4274 2253 4327 in
2280 4282 2533 4344 promptu
2564 4272 2813 4329 Christus
2850 4273 3107 4343 loquitur,
3133 4289 3240 4330 non
3285 4275 3361 4329 ibi
3390 4288 3487 4330 ne-

1902 4378 2057 4420 cesse
2094 4364 2357 4420 habemus
2380 4363 2604 4419 Petrum
2641 4380 2818 4435 neque
2842 4362 3070 4420 Paulum
3106 4380 3283 4437 neque
3319 4365 3485 4421 alium

1902 4455 2180 4513 doctorem
2196 4472 2210 4522 ;
2236 4457 2361 4526 quia
2378 4456 2492 4526 ipse
2505 4464 2589 4513 est
2597 4472 2737 4515 unus
2758 4456 3017 4529 magister
3032 4458 3123 4528 qui
3147 4459 3203 4514 in
3215 4458 3368 4515 caelis
3379 4465 3483 4516 est.

1973 4544 2083 4602 Cur
2111 4546 2177 4601 sit
2206 4546 2459 4601 diaconus
2487 4547 2540 4601 in
2571 4547 2789 4603 amboue
2815 4564 2992 4604 uersus
3016 4548 3086 4603 ad
3112 4550 3404 4606 meridiem.

1970 4639 2240 4696 Diaconus
2282 4640 2638 4711 pronuntians
2684 4641 2851 4697 verba
2905 4641 3184 4711 Evangelii
3226 4644 3296 4697 ad
3320 4644 3486 4697 meri-

1901 4731 2045 4787 diem
2071 4740 2180 4786 stat
2205 4746 2395 4785 versus
2420 4770 2435 4796 ,
2461 4731 2717 4800 quoniam
2748 4729 2854 4784 illis
2894 4728 3135 4799 loquitur
3183 4730 3249 4786 de
3286 4732 3485 4801 quibus

1902 4825 2117 4881 dicebat
2137 4825 2335 4879 Paulus
2360 4840 2373 4876 ;
2413 4821 2739 4891 Sapientiam
2768 4819 3032 4891 loquimur
3054 4820 3194 4876 inter
3226 4822 3482 4891 perfectos

1902 4915 1957 4989 (Ι
1979 4915 2102 4970 Cor.
2127 4913 2225 4987 vi).
2259 4912 2484 4980 Quando
2509 4912 2655 4967 enim
2701 4910 2781 4967 sol
2808 4910 2877 4966 ad
2903 4910 3184 4968 meridiem
3214 4914 3477 4984 vergitur,

1900 5006 2197 5063 ferventior
2216 5005 2351 5062 solet
2372 5005 2605 5062 existere
2643 5012 2698 5060 et
2723 5002 2901 5060 altior.
2945 5001 3227 5074 Significat
3248 5019 3481 5075 namque

1902 5100 2199 5157 Ecclesiam
2230 5100 2528 5156 ferventem
2550 5100 2732 5155 animo
2764 5098 2821 5153 in
2858 5111 3045 5153 amore
3068 5096 3185 5163 Dei,
3210 5096 3480 5153 elevatam

1900 5208 2024 5250 esse
2053 5194 2107 5248 in
2143 5206 2339 5265 magno
2378 5191 2611 5249 culmine
2639 5190 2923 5245 virtutum.
2975 5187 3053 5243 De
3084 5202 3191 5258 qua
3220 5196 3374 5258 parte
3402 5188 3483 5244 sic

1899 5289 2046 5345 fatur
2076 5288 2133 5346 in
2159 5287 2399 5345 Canticis
2437 5285 2774 5343 canticorum
2801 5301 2815 5338 :
2840 5281 3031 5337 Indica
3054 5281 3181 5337 mihi
3219 5297 3373 5353 quem
3400 5281 3483 5336 di-

1899 5383 2013 5455 ligit
2043 5381 2219 5438 anima
2245 5399 2382 5449 mea,
2429 5380 2519 5435 ubi
2574 5395 2784 5451 pascas,
2822 5376 2911 5431 ubi
2959 5375 3111 5431 cubes
3157 5374 3214 5430 in
3263 5374 3481 5431 meridie

1899 5474 2077 5550 (Cant.
2116 5474 2179 5549 ι).
2215 5474 2273 5529 In
2300 5472 2488 5529 eadem
2522 5477 2674 5542 parte
2702 5468 2853 5524 illum
2891 5465 3121 5537 requirit
3149 5480 3346 5536 sponsa
3371 5481 3480 5537 qua

1896 5569 2236 5642 recognoscit
2264 5567 2413 5623 illum
2441 5566 2658 5632 cubare,
2691 5565 2750 5619 in
2787 5562 3034 5628 meridie,
3058 5560 3112 5617 id
3143 5568 3229 5617 est
3248 5602 3264 5627 ,
3314 5559 3370 5615 in
3397 5559 3479 5615 eis

1900 5677 2130 5733 quorum
2175 5675 2269 5715 cor
2305 5657 2502 5713 ardens
2542 5663 2626 5712 est
2665 5655 2721 5713 in
2781 5653 3068 5710 dilectione
3108 5651 3204 5708 Dei
3256 5659 3312 5708 et
3341 5650 3474 5705 dile-

1896 5754 2078 5809 ctione
2097 5750 2351 5823 proximi,
2378 5749 2512 5820 ipsis
2538 5746 2604 5803 de
2625 5746 2819 5817 quibus
2860 5746 3098 5816 loquitur
3122 5742 3472 5815 Evangelium

1897 5850 1993 5921 qui
2018 5849 2070 5905 in
2097 5847 2260 5905 corde
2288 5846 2444 5922 bono.
2466 5853 2520 5901 et
2554 5843 2757 5916 optimo
2783 5843 3063 5899 audientes
3092 5840 3317 5897 verbum
3343 5833 3478 5895 retia

2967 5934 3040 5993 ΕΞ

2768 6048 2812 6079 /
