4000 6346
431 375 574 438 159.3

426 584 666 647 solemus
704 584 892 641 sedere
929 583 999 637 ad
1046 580 1333 641 lectionem
1378 580 1759 653 magistrorum
1782 621 1797 646 ,
1846 578 2017 635 facies

429 675 675 752 magistri
701 675 874 732 nostri
901 673 1131 746 amplius
1148 674 1356 731 intenta
1378 673 1435 729 in
1459 689 1583 730 eum
1604 673 1696 745 qui
1720 671 2016 744 perfectius

427 776 609 841 potest
633 765 843 823 discere
870 780 1034 836 quam
1060 763 1116 821 in
1157 778 1251 820 eos
1278 763 1374 834 qui
1405 762 1587 818 minus
1630 760 1870 833 perfecte
1906 760 2016 816 dis-

430 867 589 926 cunt;
618 874 724 913 non
752 870 817 912 eo
851 855 994 928 quod
1027 854 1104 909 illi
1147 855 1247 910 soli
1280 861 1434 925 optet
1461 868 1617 909 suam
1669 851 2015 915 doctrinam,

321 949 328 957 ’
429 948 525 1006 sed
563 949 693 1020 quia
732 946 853 1003 illos
896 947 987 1017 qui
1038 945 1334 1002 tardiorem
1374 958 1595 1001 sensum
1651 944 1854 999 habent
1904 941 2019 996 vult

428 1041 629 1097 iterum
657 1038 838 1095 doceri
873 1039 940 1093 ab
967 1038 1060 1094 illo
1089 1039 1183 1110 qui
1211 1038 1374 1094 citius
1402 1052 1593 1092 veram
1628 1035 1896 1090 rationem
1930 1034 2019 1088 in-

427 1130 618 1189 venire
642 1141 817 1204 potest
846 1130 901 1186 in
932 1131 1180 1188 doctrina
1212 1131 1476 1205 magistri.
1523 1129 1643 1186 Non
1687 1129 1917 1186 dicimus
1943 1127 2020 1183 ita

428 1233 492 1280 ut
532 1223 590 1281 hi
638 1226 729 1297 qui
757 1232 881 1296 post
906 1231 1119 1297 tergum
1148 1231 1275 1278 sunt
1305 1230 1552 1278 extorres
1603 1221 1715 1278 sint
1761 1235 1794 1274 a
1825 1225 2021 1274 sancto

428 1315 740 1392 Evangelio,
770 1314 867 1372 sed
917 1324 978 1371 ut
1020 1329 1118 1387 per
1152 1315 1405 1372 doctores
1438 1312 1620 1371 minus
1666 1308 1867 1367 eruditi
1890 1323 2018 1365 eru-

430 1410 669 1466 diantur.

550 1499 628 1552 Tu
644 1501 728 1564 qui
750 1499 980 1564 scaudisti
1003 1496 1203 1564 culmen
1220 1496 1432 1564 sublime
1453 1496 1698 1564 minister,

550 1558 744 1624 Quanto
768 1561 964 1611 excelsa
990 1562 1141 1624 petis,
1164 1567 1300 1609 tanto
1322 1558 1624 1624 moderatior
1645 1562 1772 1624 esto:

555 1617 802 1738 Quantum
829 1635 979 1685 prona
990 1617 1137 1683 "solo,
1149 1629 1340 1671 tantum
1360 1620 1413 1669 tit
1436 1622 1659 1682 proxima
1680 1617 1810 1669 corio

608 1695 698 1738 ens
720 1686 905 1735 etenim
924 1698 1032 1738 quae
1054 1683 1185 1733 celsa
1206 1684 1348 1738 petit.
1373 1680 1491 1731 Haec
1528 1682 1623 1730 ima
1646 1680 1810 1730 tenebi

608 1695 698 1738 ens
720 1680 905 1735 etenim
924 1698 1032 1748 quae
1054 1680 1185 1733 celsa
1206 1680 1491 1748 pe_tit._H'.ec
1528 1682 1623 1748 ima
1646 1680 1865 1748 tenebit,

552 1749 866 1809 Inter-torque
886 1742 1067 1808 gradus
1088 1758 1186 1807 quo
1206 1742 1311 1809 'vult
1333 1742 1649 1809 descendere
1675 1743 1851 1804 surgit.

548 1811 768 1863 Lzetatur
785 1806 999 1866 serpens
1022 1806 1247 1857 inimicus
1267 1808 1313 1856 si
1335 1806 1485 1866 cadis,
1509 1806 1658 1863 alme,

549 1872 775 1936 Angelus
798 1866 1053 1936 altithroni
1073 1871 1112 1917 si
1137 1881 1234 1918 non
1255 1867 1442 1936 gaudet
1461 1868 1575 1929 quia
1594 1872 1647 1936 t_u
1669 1866 1752 1936 sis:

554 1924 736 1985 Pocula
754 1933 886 1983 celsa
896 1933 1048 1993 .jubes
1073 1937 1123 1981 tu
1142 1924 1381 1980 scandere
1402 1924 1554 1978 limen
1575 1924 1772 1991 olympi.

851 2033 925 2088 De
958 2031 1299 2088 exstinctione
1326 2045 1614 2085 cereorum.

500 2126 632 2189 Post
666 2130 866 2186 lectum
893 2124 1243 2197 Evangelium
1299 2122 1538 2180 candelae
1587 2119 2028 2193 exstinguuntur.

430 2225 532 2284 Per
558 2222 811 2283 candelas
836 2222 1118 2292 signantur
1155 2217 1412 2273 doctores
1467 2213 1743 2271 Ecclesiae.
1794 2210 1861 2266 Et
1889 2209 2023 2282 quid

432 2318 544 2373 vult
577 2315 723 2372 istud
753 2314 894 2384 quod
923 2318 1046 2382 post
1070 2308 1428 2381 Evangelium
1456 2306 1883 2375 exstinguuntur
1926 2300 2033 2357 nisi

432 2405 573 2478 quod
594 2418 754 2460 nemo
783 2402 1067 2458 doctorum
1096 2397 1483 2454 transcendere
1507 2402 1690 2467 potest
1708 2394 1875 2448 verba
1904 2407 2031 2446 san-

433 2500 504 2556 cti
534 2495 853 2570 Evangelii?
899 2494 1101 2565 Aperte
1124 2491 1287 2547 etiam
1314 2494 1650 2544 monstratur
1689 2485 1875 2540 clauso
1904 2500 2031 2540 san-

434 2601 521 2650 cto
559 2588 852 2663 Evangelia
881 2586 1210 2644 exstinctam
1242 2597 1366 2639 esse
1395 2580 1700 2637 doctrinam
1725 2577 2032 2633 doctorum.

937 2677 1017 2732 De
1046 2674 1223 2732 Credo
1260 2674 1318 2728 in
1344 2673 1535 2728 Deum.

507 2772 809 2843 Postquam
869 2767 1122 2826 Christus
1161 2765 1313 2822 locus
1351 2758 1615 2837 [Legend.
1659 2757 1906 2832 locutus]
1950 2765 2038 2815 est

436 2865 643 2939 populo
677 2877 796 2928 suo,
828 2859 913 2917 fas
962 2865 1047 2916 est
1075 2865 1138 2914 ut
1163 2855 1377 2912 dulcius
1405 2861 1461 2910 et
1488 2851 1751 2909 intentius
1776 2848 2035 2922 proﬁtea-

438 2969 530 3014 tur
550 2954 926 3012 credulitatem
957 2968 1150 3019 suam;
1180 2951 1370 3021 sicque
1397 2948 1652 3005 convenit
1684 2946 1883 3018 populo
1915 2952 2039 3016 post

440 3050 812 3123 Evangeiium,
845 3048 972 3118 quia
997 3044 1200 3102 Christi
1224 3046 1391 3100 verba
1417 3043 1642 3106 audivit,
1675 3040 2035 3099 intentionem

439 3140 775 3201 credulitatis
815 3154 928 3195 suae
976 3137 1241 3210 praeclaro
1271 3150 1368 3191 ore
1410 3132 1677 3206 proferre.
1720 3129 2030 3187 Christiana

576 460 583 466 .
1462 370 1794 433 AMALAnu
1829 358 2275 446 PRESBYTER!
2305 361 2645 431 iterem

428 501 583 563 nent,
612 500 669 551 et
695 491 932 549 fructum
957 486 1185 547 aﬁ‘erent
1220 485 1278 547 in
1300 488 1587 562 patientia.
1630 487 1778 545 Sane
1798 486 2016 558 quando
2043 482 2099 545 Α

3585 354 3733 416 ωι

2715 498 2796 555 De
2837 492 3122 553 oblatione.

2187 654 2435 713 Christus
2461 653 2723 713 Dominus
2751 650 3011 709 sacerdos
3038 656 3123 705 est
3149 647 3209 705 in
3226 653 3501 703 mternum
3528 658 3737 705 sesu-

2117 747 2246 802 dum
2266 746 2515 802 ordinem
2544 742 2960 808 Melchisedech,
2995 740 3091 813 qui
3118 755 3216 797 rex
3249 736 3463 803 Salen,
3508 737 3564 793 id
3607 744 3733 806 est,

2118 853 2216 894 rex
2242 838 2414 908 pacis,
2448 836 2645 893 obtulit
2674 848 2874 906 panem
2895 840 2952 888 et
2976 831 3162 886 vinum
3197 830 3255 887 in
3277 827 3736 899 preting

2118 931 2235 985 veri
2261 928 2558 988 sacerdotis
2583 926 2808 991 Christi,
2840 924 2935 997 qui
2962 922 3163 981 obtulit
3204 921 3322 978 Deo
3348 920 3509 977 Patri
3537 936 3738 977 verum

2120 1036 2333 1091 panem,
2369 1020 2422 1076 id
2472 1027 2577 1087 est,
2607 1034 2807 1088 corpus
2856 1014 3287 1080 immaculatum,
3313 1022 3371 1069 et
3398 1014 3596 1068 vinum
3624 1053 3643 1079 ,
3682 1014 3739 1069 id

2121 1123 2229 1181 est,
2248 1115 2572 1184 sanguinem
2600 1127 2761 1168 suum
2781 1128 2797 1178 ;
2825 1111 2881 1166 in
2904 1108 3061 1178 cujus
3089 1116 3222 1181 typo
3234 1107 3401 1165 hodie
3420 1104 3741 1162 nostran-

2123 1204 2291 1262 clesia
2310 1182 2509 1275 panem
2529 1212 2584 1261 et
2597 1205 2784 1259 vinum
2799 1200 2961 1258 oll‘ert
2980 1202 3037 1256 in
3055 1184 3477 1258 consecratione
3488 1198 3743 1268 corporis
3790 1182 3799 1207 θ

2123 1304 2180 1350 et
2212 1296 2493 1367 sanguinis
2523 1293 2762 1351 Domini.
2794 1294 2864 1349 Et
2890 1292 2987 1365 qui
3011 1292 3383 1364 dedignantur
3424 1291 3744 1347 oblationes

2124 1382 2341 1450 offerre,
2372 1386 2753 1458 dedignantur,
2780 1382 3033 1456 quamvis
3066 1399 3181 1440 non
3210 1384 3339 1439 viva
3368 1397 3539 1449 voce,
3564 1381 3741 1438 ωε-

2126 1477 2233 1532 teri
2261 1492 2320 1533 se
2344 1475 2547 1535 Christi
2567 1476 2820 1549 passione
2844 1492 2955 1533 non
2976 1489 3099 1531 esse
3124 1474 3465 1546 redemptos,
3515 1482 3579 1529 et
3601 1486 3745 1529 eal-

2127 1572 2250 1627 dem
2278 1569 2586 1642 passionem
2610 1569 2887 1626 memoriae
2913 1585 3025 1629 sua:
3044 1568 3331 1634 mandare,
3366 1568 3447 1623 ita
3478 1576 3667 1622 tamen
3686 1580 3749 1623 se

2125 1677 2237 1718 non
2266 1660 2338 1716 sit
2366 1660 2549 1733 aliqua
2576 1676 2743 1717 causa
2769 1675 2889 1730 quae
2914 1657 3059 1717 forte
3102 1658 3175 1715 ad
3210 1666 3437 1730 tempus
3454 1656 3743 1728 impedias.

2127 1753 2265 1811 Cum
2313 1751 2601 1810 fanonibus
2652 1750 2911 1819 oll‘erunt,
2938 1749 3196 1823 quoniam
3239 1750 3479 1821 legimus
3537 1750 3595 1804 in
3622 1764 3751 1821 pu-

2048 1844 2100 1908 B
2127 1846 2281 1904 sione
2295 1842 2512 1900 Domini
2535 1843 2812 1901 sudarium
2837 1850 3158 1914 usurpatum
3180 1856 3321 1898 esse.
3343 1841 3527 1897 Αιίια-
3546 1842 3751 1912 φη,

2133 1938 2364 1995 fanones
2393 1936 2459 1994 de
2497 1934 2609 1994 lino
2634 1934 2962 1993 efﬁciuntur.
2993 1934 3065 1991 Et
3107 1934 3282 1990 linum
3330 1932 3527 1990 multis
3571 1932 3753 1989 mdis

2135 2039 2339 2087 sanctae
2369 2026 2666 2101 Scriptura:
2716 2042 2816 2099 pro
2869 2025 3130 2083 exercitio
3178 2024 3453 2095 passionis
3497 2024 3753 2095 ponium

2135 2124 2314 2197 Atque
2350 2122 2471 2179 ideo
2506 2120 2797 2177 fanonibus
2831 2120 2985 2191 puris
3023 2117 3325 2177 oblationes
3362 2125 3555 2172 tenent
3595 2124 3660 2170 ut
3692 2130 3757 2173 se

2136 2200 2429 2270 ostendant
2476 2210 2740 2284 religione
2795 2218 2991 2267 sancta
3037 2217 3095 2266 et
3147 2206 3407 2263 catholica
3450 2207 3759 2277 accepisse

2137 2324 2239 2380 pro
2266 2302 2525 2364 fratribus
2548 2305 2789 2361 animam
2814 2317 3037 2375 ponere,
3066 2311 3124 2358 et
3146 2317 3261 2358 non
3294 2301 3467 2357 solum
3501 2300 3756 2366 annuas,

2141 2401 2237 2456 sed
2266 2408 2321 2456 et
2347 2414 2537 2471 puras,
2566 2405 2627 2453 ut
2657 2413 2767 2453 non
2796 2396 2905 2453 sint
2925 2394 3111 2466 aliqua
3148 2393 3349 2450 haeresi
3374 2392 3627 2463 polluta,
3657 2393 3760 2451 sed

2141 2490 2408 2546 charitate
2452 2488 2743 2543 mundatze.
2808 2486 2962 2544 Unde
3008 2485 3142 2541 dicit
3184 2483 3489 2556 Apostolus
3520 2503 3539 2539 :
3586 2482 3659 2538 Et
3708 2485 3759 2540 si

2142 2582 2411 2637 tradidero
2439 2597 2626 2652 corpus
2649 2584 2821 2635 meum
2863 2587 2920 2633 ut
2954 2578 3199 2643 ardeam,
3220 2578 3545 2632 charitatem
3578 2586 3757 2631 autem

2144 2689 2251 2727 non
2282 2673 2537 2737 habuero,
2566 2668 2695 2725 nihil
2724 2669 2850 2724 mihi
2887 2668 3093 2741 prodest
3124 2667 3175 2740 (Ι
3210 2666 3339 2723 Cor.
3374 2668 3530 2739 xm).
3564 2666 3759 2726 Novit-

2143 2764 2283 2822 sime
2312 2763 2555 2820 omnium
2580 2762 2892 2818 sacerdotes
2921 2758 3157 2816 offerunt
3185 2765 3242 2815 et
3266 2759 3515 2826 diaconi,
3549 2760 3648 2815 sed
3670 2774 3758 2817 so-

2145 2858 2259 2913 lum
2287 2871 2502 2928 panem.
2520 2854 2677 2911 Solus
2701 2863 2883 2909 autem
2913 2851 3331 2909 archidiaconus
3359 2851 3507 2908 solet
3532 2850 3758 2922 inplere

2143 2949 2450 3007 oblationes
2487 2948 2751 3019 priorum,
2782 2943 3073 3001 infundens
3103 2960 3305 3015 aquam
3330 2943 3391 2998 in
3417 2942 3659 2999 calicem
3697 2949 3754 2999 et

2146 3044 2384 3100 amulam
2429 3040 2740 3114 pontiﬁcis,
2790 3048 2851 3097 ut
2914 3037 3229 3097 ostendatur
3278 3034 3492 3092 Christi
3558 3049 3757 3104 corpus

2148 3153 2319 3194 unum
2345 3151 2495 3202 esse,
2514 3144 2571 3191 et
2599 3134 2745 3206 quod
2769 3134 2874 3190 iste
2899 3132 3028 3189 fecit
3052 3147 3154 3203 pro
3183 3131 3447 3188 mribus
3474 3131 3627 3197 fecit,
3650 3132 3759 3187 sio-

439 3232 627 3306 religio
654 3240 717 3287 ut
757 3230 907 3288 salva
930 3237 1147 3286 maneat
1178 3227 1607 3298 cordccreditur
1636 3223 1704 3279 ad
1728 3221 1998 3294 justitiam
2021 3265 2037 3291 ,
2067 3220 2114 3292 C
2144 3240 2212 3287 ut
2239 3230 2433 3286 Petrus
2461 3230 2517 3284 in
2542 3226 2834 3301 Evangelio
2857 3224 3142 3282 Dominum
3183 3222 3486 3295 discipula
3522 3224 3756 3279 Lmen-.-

442 3329 557 3385 oris
584 3333 766 3382 autem
794 3321 1068 3381 confessio
1095 3322 1156 3378 iit
1186 3320 1241 3379 in
1285 3321 1538 3377 salutem.

468 3410 477 3417 ‘
512 3437 590 3495 De
632 3437 1034 3511 prrssentatione
1057 3432 1351 3505 corporalis
1378 3440 1427 3486 et
1462 3430 1643 3486 colicis
1673 3429 1742 3485 ad
1776 3428 1965 3485 altare.

514 3553 645 3615 Post
668 3554 869 3611 lectum
890 3550 1243 3623 Evangelium
1266 3547 1415 3605 venit
1461 3545 1827 3604 subdiaconus
1863 3544 2049 3600 ferens

384 3674 387 3675 ν
444 3652 499 3707 in
533 3651 757 3707 brachio
773 3647 999 3705 sinistro
1021 3645 1269 3709 calicem,
1293 3643 1347 3698 in
1370 3656 1479 3713 quo
1498 3640 1831 3710 recipiantur
1852 3635 2046 3693 amuiae

445 3742 791 3816 populorum,
824 3748 883 3797 et
904 3753 1067 3809 super
1095 3735 1325 3793 calicem
1372 3730 1677 3803 corporale;
1710 3730 1857 3801 quod
1901 3729 2048 3784 acci-

446 3839 605 3909 piens
629 3837 894 3891 diaconus
932 3831 1087 3903 ponit
1113 3845 1276 3900 super
1305 3828 1499 3892 altare,
1533 3824 1786 3881 similiter
1815 3823 2049 3879 calicem

447 3938 569 4002 post
599 3934 848 3997 receptas
874 3922 1104 3979 amulas.
1133 3920 1396 3983 Dominus
1414 3916 1571 3974 Iesus
1609 3918 1727 3988 ipse
1760 3914 1884 3988 [est
1908 3913 2045 3970 sub-

450 4020 719 4076 diaconus
744 4013 835 4089 et}
879 4014 1163 4071 diaconus.
1215 4009 1593 4067 Subdiaconus
1644 4006 1862 4077 quando
1922 4018 2051 4073 ape-

450 4113 564 4167 ruit
612 4111 812 4167 l‘ibrum
864 4114 920 4163 et
963 4104 1125 4177 legit;
1160 4103 1424 4159 diaconus
1473 4098 1691 4172 quando
1737 4097 1914 4153 dixit:
1949 4090 2054 4147 Fi-

449 4201 554 4257 lius
596 4200 825 4256 hominis
875 4213 978 4253 non
1027 4196 1165 4253 venit
1223 4193 1555 4260 ministrari,
1607 4190 1699 4246 sed
1747 4188 2051 4245 ministrare

453 4291 672 4365 (Matth.
702 4290 816 4363 xx).
846 4290 967 4361 Ipse
994 4287 1177 4345 ferens
1221 4287 1448 4343 calicem
1474 4293 1532 4340 et
1559 4282 1864 4354 corporale.
1893 4279 2053 4336 Nullo

452 4390 681 4453 cogente
724 4381 869 4436 venit
898 4378 1298 4450 Jerosolymam
1323 4417 1338 4443 ,
1393 4376 1865 4449 appropinquante
1918 4373 2055 4428 hora

453 4473 726 4544 passionis
751 4487 885 4536 sum,
918 4471 1126 4527 habens
1171 4469 1227 4524 in
1284 4469 1509 4524 sinistro
1547 4464 1772 4522 brachio
1827 4463 2055 4518 calicem

454 4572 512 4618 et
540 4563 771 4633 desuper
783 4560 1067 4631 corporale
1098 4578 1113 4613 :
1138 4559 1397 4628 quoniam
1418 4558 1562 4628 quod
1591 4571 1787 4627 passus
1810 4563 1896 4610 est
1918 4562 2053 4609 tem-

457 4653 643 4728 porale
670 4652 793 4719 fuit,
822 4666 930 4707 non
967 4649 1246 4706 mternale.
1298 4647 1417 4703 Non
1463 4648 1593 4703 licet
1638 4646 1757 4700 ﬁeri
1785 4646 1852 4701 de
1881 4644 2053 4701 altero

456 4760 638 4820 panno
672 4743 954 4816 corporale
977 4742 1081 4799 nisi
1109 4741 1177 4797 de
1204 4740 1370 4798 lineo.
1396 4738 1651 4794 Linteum
1688 4751 1922 4806 namque
1953 4752 2054 4807 per

459 4837 658 4892 multas
685 4835 1107 4892 exercitationes
1140 4832 1291 4889 venit
1318 4831 1387 4887 ad
1416 4829 1715 4887 candorem
1744 4842 1922 4885 suum.
1967 4824 2056 4882 Si-

460 4927 688 5001 gniﬁcat
708 4942 838 4983 vero
873 4926 1047 4999 ipsam
1072 4922 1425 4980 intentionem
1446 4920 1743 4977 Dominicae
1763 4918 2054 4991 passionis.

460 5021 613 5077 Calix
658 5020 832 5092 ipsam
884 5016 1229 5091 passionem,
1285 5015 1341 5071 in
1399 5030 1507 5086 qua
1554 5014 1795 5085 suscepit
1847 5013 2059 5070 amulas

465 5124 707 5172 nostras.

752 5199 1138 5274 Recapituldio
1175 5200 1241 5259 de
1268 5199 1517 5273 passione
1542 5197 1776 5253 Domini.

538 5298 629 5353 Bis
670 5296 820 5353 enim
875 5302 1132 5363 narratur
1180 5294 1238 5351 in
1286 5294 1392 5352 ista
1430 5291 1650 5349 scedula
1705 5291 1770 5347 de
1809 5289 2065 5361 passione

468 5388 724 5456 Domini,
768 5404 941 5445 unum
991 5386 1136 5459 quod
1176 5385 1325 5443 litin
1369 5383 1682 5459 Evangelio,
1721 5391 1777 5438 et
1829 5382 2064 5437 alterum

429 5477 441 5489 ’
470 5480 616 5552 quod
640 5480 817 5537 adhuc
844 5486 1016 5536 restat
1043 5485 1099 5535 et
1124 5477 1308 5550 agitur
1331 5477 1387 5532 in
1412 5475 1592 5532 altari.
1619 5474 1729 5532 Cur
1757 5474 1891 5529 hoc?
1917 5472 2061 5539 Quo-

475 5573 626 5628 niam
663 5572 746 5629 bis
775 5570 1069 5628 cruciﬁxus
1096 5578 1180 5627 est
1203 5568 1380 5627 Jesus.
1413 5568 1596 5624 Primo
1620 5567 1819 5639 linguis
1847 5562 2062 5623 Judreo-

475 5678 619 5728 rum,
650 5672 709 5721 et
754 5672 945 5735 postea
982 5678 1165 5721 cruce.
1196 5662 1325 5718 Inde
1370 5669 1457 5718 est
1494 5661 1637 5731 quod
1672 5659 1887 5716 Marcus
1931 5659 2066 5714 hora

479 5756 657 5820 tertia,
678 5754 734 5809 id
758 5763 861 5820 est,
880 5755 1076 5828 linguis
1102 5752 1447 5819 Iudaeorum;
1476 5752 1573 5809 sed
1595 5752 1738 5809 sicut
1768 5750 1857 5807 alii
1887 5752 2065 5808 Evan-

481 5845 685 5921 gelistac
714 5851 959 5914 narrant,
982 5846 1255 5913 manibus,
1285 5846 1418 5904 hora
1442 5852 1614 5902 sexta.

2148 3330 2368 3395 gantem
2395 3337 2409 3375 :
2454 3319 2553 3376 Vos
2586 3336 2738 3392 quem
2766 3336 2847 3373 me
2872 3335 2982 3374 esse
3022 3317 3196 3372 dicitis
3223 3316 3453 3389 (Matth.
3491 3316 3639 3388 xu),
3660 3332 3761 3386 pro

2147 3414 2503 3471 universitate
2549 3412 2941 3484 discipulorum
2984 3411 3133 3470 solus
3181 3410 3381 3467 Petrus
3430 3398 3755 3481 respondit?

2150 3508 2232 3565 Tu
2257 3527 2311 3565 es
2353 3505 2593 3563 Christus
2629 3505 2805 3561 Filius
2833 3505 2931 3562 Dei
2968 3505 3086 3562 vivi.
3134 3504 3246 3561 Hoc
3278 3505 3428 3574 quod
3456 3520 3653 3560 omnes
3681 3519 3759 3559 re

2147 3603 2487 3673 sponderunt
2507 3600 2711 3665 animo,
2737 3598 2863 3659 viva
2893 3612 3023 3654 voce
3069 3596 3219 3653 solus
3266 3596 3471 3653 Petrus
3500 3594 3755 3666 promlit.

2149 3698 2309 3767 Quod
2339 3694 2642 3768 presbyteri
2675 3694 2735 3749 in
2751 3694 3048 3750 novissimo
3070 3691 3192 3749 loco
3219 3690 3483 3758 oderunt,
3520 3704 3637 3746 non
3664 3705 3762 3745 ra-

2149 3798 2245 3847 cat
2271 3806 2305 3845 a
2339 3788 2620 3861 mysterio,
2659 3787 2875 3859 quando
2908 3783 3145 3841 Joannes
3192 3784 3249 3839 in
3295 3782 3639 3854 Apocalypsi
3665 3797 3761 3840 sua

2151 3884 2289 3939 vidit
2320 3882 2557 3939 similem
2583 3880 2695 3937 ﬁlio
2731 3879 2968 3937 hominis
3002 3878 3057 3935 in
3106 3877 3285 3935 medio
3310 3886 3529 3947 septe-
3556 3877 3759 3933 cande-

2150 3979 2449 4045 labrorum,
2481 3986 2537 4034 et
2559 3978 2617 4033 in
2646 3992 2712 4034 eo
2732 3977 2869 4033 vidit
2891 3985 3097 4033 statum
3117 3974 3299 4033 omnis
3320 3974 3593 4031 Ecclesia
3634 3989 3759 4045 pro

2153 4072 2325 4130 sentis
2359 4070 2533 4142 qualis
2562 4079 2727 4129 esset.
2754 4070 2970 4125 Etcum
2992 4070 3098 4124 hoc
3122 4067 3533 4138 descripsisses,
3568 4064 3757 4131 Pales,

2154 4164 2480 4236 inquit,ejus
2508 4162 2705 4219 similes
2730 4162 3207 4230 aurichalco,sicut
3230 4162 3289 4216 in
3313 4162 3533 4217 σοι-ἱ.
3552 4161 3758 4215 ade-ti

2157 4256 2343 4329 (Apoc.
2384 4255 2449 4329 ι).
2501 4254 2677 4312 Pedes
2702 4255 2902 4327 ignitos
2958 4255 3242 4312 novissimi
3275 4254 3552 4325 temporis
3574 4252 3758 4308 Eccle-

2156 4354 2296 4411 siam
2322 4353 2474 4420 dicit,
2500 4369 2622 4424 quae
2648 4352 2976 4409 eminentius
3005 4359 3093 4409 est
3117 4350 3491 4407 examinanda
3528 4358 3593 4405 et
3634 4363 3756 4420 pro-

2156 4447 2334 4503 banda
2371 4445 2662 4518 pressuris.
2698 4443 3010 4514 Presbyteri
3054 4441 3427 4498 ministerium
3450 4448 3535 4495 est
3556 4438 3751 4492 braca

2157 4554 2279 4595 esse
2306 4541 2363 4594 in
2385 4538 2630 4595 Ecclesia
2651 4578 2666 4603 ,
2719 4544 2780 4591 ut
2805 4552 2905 4608 pro
2950 4551 3010 4593 se
3037 4534 3213 4606 possit
3241 4550 3407 4591 orare
3450 4542 3505 4591 et
3528 4548 3632 4604 pro
3657 4547 3756 4603 po-

2075 4603 2130 4664 D
2154 4633 2301 4704 pulo.
2343 4631 2419 4687 Et
2458 4631 2567 4695 isti,
2602 4631 2725 4686 ideo
2755 4603 2883 4699 qna
2910 4603 3171 4685 fortiores
3214 4636 3345 4683 sunt
3388 4628 3453 4682 in

2156 4722 2455 4780 novissime
2482 4720 2753 4787 oderunt,
2798 4728 2860 4775 ut
2905 4719 3213 4791 signiﬁcent
3254 4717 3601 4784 Ecclesia;
3632 4730 3760 4787 lpo-

2157 4816 2307 4871 niam
2337 4816 2395 4871 in
2430 4814 2727 4870 novissimo
2761 4820 3004 4881 tempore
3049 4810 3157 4866 erit
3184 4808 3585 4873 Anticher
3616 4809 3763 4863 vide-

2156 4908 2285 4964 licet
2315 4908 2489 4964 multo
2507 4906 2694 4977 plures
2725 4904 2929 4976 injuria
2967 4903 3239 4960 sustinere
3265 4916 3433 4974 quali
3461 4909 3758 4970 mw.

2162 4999 2269 5056 Sed
2293 5008 2355 5055 et
2375 4999 2422 5056 si
2457 4999 2689 5055 delectat
2712 4998 2903 5053 audire
2945 5012 3044 5052 cur
3076 4996 3183 5051 viri
3208 5003 3340 5051 ante
3365 4992 3609 5048 tedas
3629 4991 3763 5048 oh-

2161 5100 2305 5157 rant,
2329 5090 2527 5146 dicitur
2554 5089 2684 5161 quia
2713 5098 2770 5144 et
2788 5087 3065 5159 primitiva
3093 5086 3341 5143 Ecclesia
3362 5085 3419 5140 in
3463 5098 3759 5154 prima.

2163 5183 2380 5254 quando
2410 5181 2652 5239 nondum
2674 5179 2907 5251 pleniter
3253 5184 3433 5242 erant,
3462 5174 3658 5246 phus
3680 5174 3765 5229 h-

2157 5275 2337 5345 jurias
2362 5276 2738 5335 sustinuerunt
2779 5289 2945 5345 quam
2989 5273 3155 5330 modo
3197 5271 3467 5328 sustineat
3513 5280 3767 5341 prae.

2164 5369 2429 5426 Ecclesia.
2466 5367 2704 5425 Femina
2730 5367 2787 5423 in
2828 5366 3010 5427 medio
3032 5363 3280 5429 oderunt,
3309 5362 3481 5433 quia,
3528 5362 3683 5417 sicut
3703 5359 3765 5413 i-

2165 5464 2329 5536 quido
2358 5471 2530 5535 patet,
2558 5462 2832 5519 silentium
2856 5469 2944 5517 est
2984 5473 3236 5530 mgnum
3260 5457 3315 5512 in
3339 5454 3616 5511 Ecdesia.
3654 5453 3767 5508 De.

2166 5559 2312 5614 enim
2333 5557 2558 5629 gratias,
2593 5554 2976 5611 Christianitas
3006 5552 3242 5608 maxime
3273 5550 3333 5607 in
3351 5549 3477 5605 istis
3502 5546 3767 5618 uapori-

2165 5655 2268 5711 bus
2295 5654 2459 5724 viget,
2486 5650 2757 5722 prtecipue
2775 5648 3033 5719 quoniam
3061 5642 3315 5702 sublimis
3334 5650 3583 5712 potestas
3602 5639 3769 5695 Chri-

2168 5748 2345 5803 stiana
2364 5752 2466 5802 est.
2492 5744 2943 5809 Presbytesorum
2979 5737 3351 5797 ministerium
3368 5740 3457 5790 est
3483 5740 3541 5789 et
3582 5732 3771 5786 tiae.-

2171 5853 2362 5897 norum
2392 5837 2446 5894 in
2471 5836 2628 5892 altari
2670 5842 2728 5891 et
2753 5834 2897 5891 circa
2928 5830 3103 5889 altare
3128 5827 3489 5894 ministrae;
3524 5818 3775 5897 ideoqu
