2000 3406
163 224 232 256 139.5

730 225 877 259 ECLOGE
898 231 943 259 DE
960 229 1094 261 OFFICIO
1114 231 1238 262 MISSZE.

1723 234 1792 269 1326

159 283 210 319 Ipsi
224 283 273 312 soli
285 283 416 311 accedunt
431 280 466 312 ad
476 283 570 319 altare,
585 290 700 321 quorum
711 286 891 316 ministerium
906 292 948 316 est
960 289 987 321 Α
1001 288 1033 315 Et
1052 278 1112 316 lucc
1135 290 1204 317 dona
1229 294 1278 318 nos
1302 288 1419 325 petimus
1442 291 1470 321 in
1493 293 1616 323 oratiOne
1639 296 1790 325 Dominica.

159 332 233 359 circa
248 330 343 359 altare.

160 387 297 421 Quomodo
307 392 374 416 stent
387 389 501 416 ministri
511 390 635 425 episcopi,
645 390 751 418 diaconi
762 395 786 419 et
795 391 950 419 subdiaconi

372 425 441 452 circa
457 425 541 452 altare
556 426 628 453 hora:
643 426 740 454 missw.

193 468 232 496 De
246 467 454 497 ministrantibus
467 471 532 497 hora
546 471 642 498 missaz.
654 485 689 491 —-
699 471 739 499 Eo
753 476 869 508 namque
882 476 951 500 tem-

156 522 223 550 pore
236 522 290 551 quo
305 516 387 544 missa
407 515 569 550 celebratur,
586 517 693 545 diaconi
711 522 786 546 stant
807 522 880 546 retro
894 519 950 554 epi-

156 567 248 596 scopo,
269 565 297 589 et
317 561 476 590 subdiaconi
499 566 562 590 ante
581 561 681 591 faciem
700 564 768 600 ejus.
792 561 890 592 Notum
909 569 951 593 est

155 606 229 633 enim
251 606 351 635 dixisse
370 607 508 635 Christum
527 608 667 644 discipulis
685 610 742 638 suis
761 620 768 637 :
790 610 885 638 Omnes
906 619 950 639 vos

154 651 311 679 scandalum
322 652 456 688 patiemini
467 654 495 681 in
505 661 546 681 me
555 654 583 681 in
593 655 644 681 ista
655 660 729 682 nocte
741 654 848 691 (Matth.
857 656 947 693 xxvr);

154 696 211 731 qui,
225 697 306 725 sicuti
321 697 445 726 Christus
458 698 593 734 praedixit,
608 700 701 727 eadem
715 706 794 728 nocte
808 701 904 730 relicto
917 709 949 730 eo

153 740 290 777 fugerunt.
307 743 346 770 Ac
360 751 410 779 per
424 744 476 771 hoc
491 745 571 773 modo
585 745 681 774 eadem
696 746 763 774 hora
777 748 888 775 secundi
900 747 950 776 Mi-

153 787 235 815 nistri
250 788 344 816 altaris
364 791 495 818 recedunt
508 798 523 818 a
538 789 608 819 facie
621 792 752 828 episcopi,
769 797 798 821 ut
814 793 949 831 signitice-

154 837 199 861 tur
219 833 255 862 ad
277 838 381 870 tempus
403 836 539 871 apostolos
559 836 684 866 absentes
704 837 788 866 fuisse
810 843 838 867 et
856 844 948 868 tamen

153 879 228 907 retro
249 885 446 916 etrspectantes,
470 883 598 918 quoniam
615 889 676 919 post
696 886 851 921 passionem
871 886 947 915 illum

152 929 240 956 secuti
255 933 326 957 sunt.
339 930 409 963 Quid
422 935 464 958 est
479 936 553 959 retro
563 932 655 960 stare?
665 933 763 961 Procul
776 934 858 963 dubio
869 936 947 972 sequi

1000 335 1077 363 Unde
1091 335 1209 364 ministri
1220 337 1349 365 Ecclesia:
1359 339 1453 367 eadem
1468 337 1534 369 hora
1545 342 1696 377 quiescunt.
1709 338 1794 373 Plane

1000 382 1106 410 diaconi
1127 383 1249 411 inclinati
1266 390 1426 420 permanent
1441 392 1527 423 usque
1541 385 1604 417 dum
1623 389 1793 425 compleatur

999 430 1087 457 oratio
1104 430 1253 458 Dominica.
1269 432 1304 459 Et
1320 432 1483 461 Subdiaconi
1497 435 1605 471 erigunt
1619 444 1649 464 se
1664 444 1727 464 cum
1746 445 1795 464 au-

1000 474 1078 502 diunt
1095 483 1101 501 :
1122 474 1205 502 Nobis
1229 482 1331 512 quoque
1354 478 1539 512 peccatoribus,
1565 487 1614 515 per
1633 489 1701 516 quos
1721 481 1794 509 desi-

1000 524 1117 556 gnantur
1130 520 1168 548 illi
1185 521 1283 556 quibus
1297 522 1422 551 Christus
1436 524 1502 552 dixit
1517 534 1523 552 :
1546 524 1595 553 Vos
1608 532 1694 554 autem
1710 527 1796 556 sedete

999 567 1026 594 in
1042 568 1146 594 civitate
1156 567 1238 595 donec
1248 569 1397 597 induamini
1407 569 1501 599 virtute
1511 580 1543 599 ex
1554 571 1607 600 alto
1619 572 1695 609 (Luc.
1708 574 1794 609 xxxv),

1000 612 1103 641 scilicet
1118 614 1242 650 apostoli.
1261 614 1314 642 Sed
1333 616 1447 644 istorum
1461 617 1604 646 declinatio
1619 626 1796 654 perseverans

1000 669 1093 689 eorum
1112 663 1341 697 perseverantiam
1357 663 1383 691 in
1398 666 1521 693 oratione
1540 666 1664 702 designat
1682 672 1712 695 ut
1725 668 1796 696 accl.

999 711 1094 743 perent
1106 708 1270 743 promissum
1284 709 1400 737 Domini.
1426 711 1529 745 Quibus
1550 713 1645 747 utique
1667 714 1795 749 praecepit.

999 752 1154 790 specialiter
1171 760 1330 790 exspectare
1345 756 1508 791 promissum
1531 757 1648 794 Spiritus
1664 760 1750 787 sancti
1767 760 1795 787 in

999 800 1149 829 Jerusalem
1162 810 1248 837 usque
1263 802 1296 830 ad
1315 800 1504 837 Pentecosten,
1521 804 1560 831 illi
1582 809 1656 832 stant
1675 805 1796 834 inclinati

999 856 1085 883 usque
1099 848 1162 875 dum
1176 849 1363 883 compleantur
1382 853 1485 885 septem
1501 849 1646 885 petitiones
1661 852 1795 880 orationis

999 895 1156 929 Dominicze,
1180 899 1207 923 et
1228 897 1261 924 de
1281 895 1378 931 quibus
1400 905 1480 932 supra
1503 897 1600 933 legitur
1620 898 1691 933 quod
1712 898 1794 925 inini-

1000 947 1118 970 strantes
1128 942 1153 971 ei
1165 948 1244 971 erant
1256 951 1341 978 usque
1356 944 1389 971 ad
1403 943 1565 979 sepulcrum,
1580 949 1607 972 et
1619 949 1713 980 postea
1725 953 1796 980 prte-

152 975 328 1026 θηίθτίῆτθῖξξ-
342 975 578 1026 δᾞδάῖίλεοηίῖθτο
587 982 649 1026 9fo
661 979 811 1026 angeli?!“
819 979 948 1016 hymlmm
962 974 986 1005 Β
1000 993 1128 1025 parantes
1143 994 1275 1016 aromata.
1291 974 1329 1016 llli
1344 990 1389 1024 qui
1409 974 1505 1017 horum
1520 974 1611 1026 typum
1620 974 1735 1024 tenent:
1750 999 1795 1019 re-

153 1024 231 1048 stant
255 1021 375 1049 inclinati
399 1029 484 1058 usque
507 1023 570 1050 dum
593 1024 692 1052 dicitur
714 1034 720 1052 :
745 1025 828 1053 Nobis
849 1035 951 1062 quoque

150 1067 344 1102 peccatoribus.
359 1066 435 1095 Tunc
447 1067 536 1103 primo
550 1076 580 1096 se
593 1069 710 1105 erigunt,
726 1074 753 1098 et
765 1075 837 1098 stant
849 1071 875 1099 in
889 1072 950 1100 loco

151 1113 201 1142 ubi
222 1118 286 1141 ante
308 1118 457 1148 steterunt;
480 1115 608 1149 quoniam
626 1116 750 1152 discipuli
772 1120 800 1144 et
821 1117 949 1147 mulieres

150 1163 298 1194 sequentes
321 1163 398 1187 erant
418 1159 562 1187 Dominum
581 1167 668 1195 usque
697 1161 731 1189 ad
751 1161 840 1189 locum
859 1163 949 1190 cruci-

151 1205 276 1238 ﬁxionis,
292 1213 345 1233 non
369 1204 456 1233 solum
482 1210 636 1240 sequentes,
653 1206 702 1234 sed
726 1211 754 1235 et
777 1207 946 1244 plangentes.

151 1252 305 1279 Conversus
320 1255 410 1279 autem
427 1250 505 1280 Iesus
522 1252 590 1280 dixit
605 1262 611 1280 :
628 1250 708 1280 Filia:
724 1254 882 1288 Jerusalem,
901 1264 948 1282 no-

151 1298 197 1325 lite
209 1299 273 1333 ﬂere
286 1306 363 1334 super
373 1306 424 1332 me,
437 1298 482 1325 sed
494 1306 572 1334 super
585 1307 628 1327 vos
642 1303 665 1327 et
679 1308 757 1335 super
768 1300 838 1336 filios
851 1305 947 1330 vestros

152 1343 229 1379 (Luc.
247 1343 336 1379 xxiii).
355 1343 481 1372 Mulieres
501 1344 602 1372 ﬂebant
622 1346 699 1380 quasi
719 1354 768 1382 pro
786 1351 945 1381 peccatore;

152 1389 200 1416 sed
223 1389 281 1424 ipse
301 1389 430 1417 Dominus
451 1391 570 1418 ostendit
588 1398 642 1418 non
659 1399 739 1426 super
760 1392 834 1419 illum
847 1393 947 1421 debere

150 1433 227 1468 ﬂere,
240 1436 287 1463 sed
303 1443 382 1470 super
398 1435 470 1471 ipsas
481 1445 541 1471 qua:
555 1437 720 1472 peceatrices
734 1442 821 1465 erant.
835 1439 869 1466 Et
881 1440 946 1475 quid

150 1484 194 1511 vis
216 1483 307 1511 dicere
324 1483 402 1519 quale
428 1483 610 1513 ministerium
632 1485 749 1513 habeant
770 1487 944 1521 subdiaconi,

150 1529 260 1564 quando
272 1533 346 1557 stant
360 1530 490 1563 inclinati,
504 1531 526 1558 si
539 1539 588 1566 pro
601 1531 657 1559 suis
670 1532 789 1567 peccatis
800 1540 854 1559 non
867 1535 946 1560 orant

150 1578 179 1601 et
200 1574 328 1609 plorant?
354 1573 407 1602 Per
433 1575 609 1611 tropologiam
639 1577 796 1605 subdiaconi
823 1577 944 1606 inclinati

150 1625 224 1653 sunt,
237 1621 300 1655 quia
315 1621 527 1649 declinaverunt.
543 1621 622 1649 Stant
634 1624 718 1650 erecti
733 1632 783 1659 per
796 1623 943 1652 confessio-

999 1035 1099 1062 cedunt
1107 1035 1139 1062 de
1150 1035 1229 1062 altari
1237 1036 1271 1062 ad
1281 1035 1461 1063 ministerium
1471 1037 1678 1071 praeparandum
1687 1036 1795 1072 quando

999 1080 1112 1108 audiunt
1126 1089 1132 1107 :
1150 1079 1203 1107 Per
1218 1080 1306 1108 omnia
1319 1080 1417 1108 stecula
1433 1081 1600 1109 swculorum.
1616 1081 1709 1109 Amen.

1346 1125 1453 1153 Versus.

1028 1168 1093 1204 Ecce
1105 1170 1183 1194 habes
1194 1169 1233 1195 hic
1243 1169 1362 1195 tumulum
1370 1170 1460 1204 Christi
1473 1175 1544 1204 quam
1555 1172 1674 1204 conspicis
1686 1175 1761 1197 Iram.

1027 1223 1040 1233 L
1060 1201 1122 1225 Hinc
1135 1206 1230 1225 sursum
1242 1205 1325 1226 mente
1337 1202 1440 1226 eulmina
1453 1203 1519 1227 celso
1531 1206 1599 1233 pete.

1028 1232 1118 1257 Lintea
1129 1232 1248 1257 mirantur
1259 1233 1350 1263 pariter
1362 1233 1491 1262 ﬂagrantia
1504 1232 1606 1263 precaris

1058 1263 1198 1295 Concordes
1205 1261 1316 1288 Domino.
1327 1261 1386 1288 Hazc
1398 1268 1423 1288 lu
1433 1261 1552 1289 meditare
1566 1266 1613 1295 pie.

1029 1290 1148 1324 Discipuli
1161 1293 1252 1318 vultum
1266 1297 1289 1318 in
1303 1299 1394 1319 terram
1402 1295 1520 1325 deponite
1532 1290 1648 1325 vestrum,

1058 1325 1111 1350 Hoc
1122 1326 1190 1349 vobis
1200 1330 1335 1350 monstrant
1343 1326 1439 1356 agmina
1452 1330 1534 1350 sancta
1544 1330 1658 1351 matrum.

1027 1355 1143 1382 Atticinus
1155 1355 1260 1380 humiles
1273 1363 1316 1380 nos
1326 1355 1379 1380 cum
1390 1357 1535 1382 mulieribus
1545 1364 1632 1384 omnes

1059 1386 1124 1412 Ante
1135 1389 1186 1418 pias
1195 1386 1271 1412 iacies
1280 1387 1513 1418 augelicasjugtter.

1137 1427 1176 1455 De
1190 1427 1228 1456 Te
1243 1428 1334 1464 igitur,
1350 1435 1397 1455 cur
1411 1433 1509 1456 secreto
1524 1433 1653 1456 cantetur.

1031 1472 1205 1502 Consuetudo
1223 1480 1341 1509 namque
1364 1473 1476 1502 Patrum
1497 1479 1654 1503 nostrorum
1674 1475 1795 1505 habenas

995 1523 1026 1547 ut
1048 1520 1093 1555 qui
1114 1520 1267 1548 orationem
1290 1520 1419 1553 facerent,
1440 1521 1548 1549 laudem
1570 1521 1625 1550 Deo
1645 1521 1791 1550 remrrenl.

994 1564 1079 1601 Igitur
1096 1565 1167 1600 quod
1184 1565 1291 1594 excelsa
1305 1573 1371 1594 voce
1386 1566 1501 1595 dicimus
1517 1570 1580 1595 ante
1598 1563 1634 1594 Te
1652 1567 1742 1603 igitur,
1758 1567 1793 1595 ad

993 1611 1100 1640 laudem
1116 1613 1234 1647 pertinet
1247 1612 1385 1641 Creatoris
1404 1614 1506 1646 nostri,
1524 1616 1554 1641 ut
1574 1613 1718 1641 manifeste
1731 1618 1792 1640 omd

150 1673 229 1697 nem,
243 1670 271 1692 et
284 1674 391 1693 rursum
408 1667 541 1701 aspiciunt
554 1667 580 1694 in
598 1667 694 1695 faciem
708 1655 856 1703 pguﬁﬁcis,
870 1675 944 1705 ροει-
957 1655 979 1686 C
994 1657 1075 1685 nibus
1091 1658 1293 1685 demonstretur
1306 1659 1351 1705 qui
1364 1656 1435 1686 hanc
1446 1658 1537 1686 valent
1551 1659 1728 1695 distinguere,
1744 1659 1792 1687 ubi

151 1718 233 1746 quam
246 1710 310 1737 dicit
326 1720 332 1737 :
348 1710 430 1737 Nobis
443 1720 544 1746 quoque
557 1713 746 1747 peccatoribus.
762 1713 796 1741 Et
810 1715 944 1749 quomodo

150 1761 277 1792 poterant
295 1756 418 1791 discipuli
439 1762 466 1784 et
482 1757 609 1785 mulieres
629 1758 754 1786 claudere
774 1759 867 1788 oculos
881 1769 944 1789 suos

151 1807 247 1831 ιιι-ιιιοη
262 1803 384 1830 viderent
397 1801 541 1830 Dominum
554 1803 581 1830 iu
594 1812 675 1831 cruce
688 1805 849 1839 pendentem
863 1814 943 1842 quem

152 1852 256 1875 tantum
274 1848 418 1875 amabant?
436 1847 600 1876 Subdiaconi
614 1849 640 1877 in
656 1849 714 1885 ipso
728 1855 838 1886 aspectu
851 1860 944 1888 perse-

150 1898 247 1921 verant
264 1903 350 1929 usque
366 1895 427 1922 dum
447 1895 545 1923 fanone
564 1896 634 1924 calix
654 1897 846 1927 circumdatur.
867 1900 943 1929 Tunc

150 1940 258 1968 demum
271 1941 409 1973 recedunt,
422 1946 451 1969 ut
464 1947 616 1977 praeparent
629 1943 727 1972 calices
742 1945 767 1972 in
779 1953 833 1980 quo
844 1954 942 1981 corpus

150 1986 257 2014 Domini
278 1987 424 2014 honoriﬁce
444 1993 578 2016 servetur.
600 1989 699 2018 Audiet
719 1991 838 2026 quandiu
860 2001 942 2028 supra

150 2031 194 2059 die
208 2032 334 2059 steterint
352 2032 385 2059 ad
399 2041 518 2061 crucem.
540 2033 629 2062 Lucas
643 2035 749 2070 inquit:
765 2035 816 2064 Hic
835 2039 942 2066 accessit

150 2076 185 2103 ad
201 2076 330 2110 Pilatum,
346 2083 369 2105 et
381 2079 454 2113 petiit
466 2087 558 2114 corpus
572 2079 646 2114 Jesu,
661 2087 684 2108 et
699 2081 843 2116 depositum
860 2084 942 2111 invol-

150 2122 184 2149 vit
199 2122 226 2149 in
247 2122 365 2150 sindone.
392 2123 541 2151 Snbsewtw
557 2130 644 2153 autent
669 2127 790 2155 mulieres
809 2137 867 2164 qua:
883 2138 941 2156 cum

149 2168 205 2204 ipso
220 2174 340 2196 venerant
355 2170 386 2197 de
404 2169 531 2205 Galilwa,
554 2172 671 2199 viderunt
694 2180 901 2207 monumentum,
917 2181 940 2203 et

147 2214 366 2249 quemadmodum
389 2216 502 2251 positum
524 2223 579 2244 erat
602 2227 695 2253 corpus
710 2219 776 2253 eius.
799 2220 834 2247 Et
860 2229 941 2248 recer-

148 2264 230 2287 tentes
249 2267 406 2295 paraverunt
427 2267 547 2289 aromata
571 2268 595 2290 et
616 2269 763 2299 unguenta,
787 2270 811 2292 et
833 2266 939 2295 sabbato

147 2306 252 2341 quidem
271 2306 398 2334 siluerunt
420 2307 496 2344 (Luc.
512 2308 600 2344 xxtu).
623 2309 748 2338 Mulieres
768 2312 874 2346 quidem
896 2321 940 2348 pa-

995 1708 1023 1733 ct
1040 1711 1090 1731 nos
1104 1705 1159 1731 Deo
1173 1705 1275 1740 gratias
1293 1703 1449 1733 referendas
1464 1710 1525 1733 esse
1537 1705 1656 1733 refertur
1668 1709 1696 1733 et
1709 1711 1793 1741 ange-

993 1750 1074 1779 licam
1085 1755 1239 1778 creaturam
1258 1751 1418 1787 pronuntiat
1429 1759 1648 1787 unamquamque
1667 1752 1695 1780 in
1709 1751 1791 1779 mini-

993 1797 1076 1824 sterio
1095 1800 1157 1832 apto
1177 1796 1288 1825 laudare
1308 1797 1466 1825 Creatorem
1486 1803 1575 1825 suum.
1597 1797 1694 1825 Postea
1716 1804 1792 1825 nani-

992 1851 1045 1879 que
1066 1844 1187 1879 sequitur
1203 1843 1239 1871 Te
1259 1844 1349 1880 igitur,
1366 1844 1454 1872 oratio
1468 1844 1593 1872 videlicet
1608 1844 1732 1880 specialis
1747 1851 1792 1872 sa-

992 1891 1140 1924 cerdotum,
1157 1891 1183 1918 in
1195 1898 1246 1926 qua
1260 1895 1321 1919 orat
1333 1895 1359 1919 et
1373 1890 1528 1926 specialiter
1541 1900 1590 1927 pro
1603 1891 1748 1927 aliquibus,
1759 1895 1792 1920 ut

991 1938 1058 1965 facit
1074 1945 1122 1973 pro
1142 1937 1307 1973 Apostolico,
1330 1941 1356 1966 et
1374 1943 1467 1974 postea
1483 1938 1527 1965 ubi
1544 1937 1609 1966 dicit
1626 1936 1791 1973 famulorum

992 1982 1205 2019 famularumque
1225 1988 1342 2017 tuarum,
1358 1988 1386 2012 et
1403 1984 1475 2012 illico
1495 1988 1638 2020 postquam
1658 1991 1708 2019 pro
1726 1989 1791 2019 pro-

991 2030 1057 2065 priis
1070 2031 1220 2058 orationem
1242 2030 1344 2063 fundit,
1368 2030 1532 2067 generaliter
1546 2039 1575 2059 se
1590 2030 1724 2059 convertit
1738 2037 1791 2065 pro

991 2077 1117 2105 (minibus
1131 2085 1210 2105 orare
1225 2077 1373 2113 adjungens
1387 2087 1393 2105 :
1407 2078 1441 2105 Et
1453 2078 1569 2105 omnium
1585 2078 1684 2105 circum
1698 2080 1789 2104 astan-

991 2125 1066 2158 tium,
1087 2129 1114 2152 et
1132 2129 1231 2152 eretera
1250 2125 1292 2153 bis
1307 2124 1416 2153 similia.
1436 2124 1465 2152 ln
1480 2132 1513 2152 eo
1529 2124 1653 2152 videlicet
1666 2132 1720 2159 quo
1734 2123 1789 2151 ista

990 2172 1077 2199 oratio
1097 2172 1251 2207 specialiter
1264 2172 1297 2199 ad
1321 2171 1489 2199 sacerdotem
1502 2171 1629 2207 pertinet,
1647 2170 1721 2198 solus
1737 2170 1789 2197 Sa-

990 2218 1086 2245 cerdos
1105 2218 1131 2244 in
1146 2218 1240 2245 eadem
1256 2217 1354 2250 intrat,
1378 2220 1482 2245 secreto
1499 2224 1560 2244 eam
1578 2217 1713 2244 decantat.
1733 2214 1786 2243 Se-

990 2263 1083 2298 quitur
1104 2263 1227 2298 magistri
1246 2262 1287 2290 sui
1308 2267 1443 2298 przecepta
1464 2262 1509 2297 qui
1529 2261 1615 2290 dicit:
1638 2260 1678 2288 Tu
1698 2264 1787 2287 autem

990 2317 1048 2336 cum
1072 2310 1201 2341 oraveris,
1226 2310 1296 2336 intra
1319 2309 1347 2336 in
1370 2308 1518 2335 cubiculum
1543 2307 1655 2343 (Matth.
1678 2305 1734 2341 vr),
1758 2309 1788 2333 et

148 2356 210 2379 rant
235 2357 356 2380 aromata
376 2358 403 2381 et
426 2360 563 2390 unguenta
585 2357 656 2384 unde
681 2359 822 2386 condiatur
840 2347 938 2394 corpus

995 2358 1099 2383 caetera.
1120 2355 1173 2382 iste
1191 2362 1307 2390 namque
1330 2362 1389 2382 mos
1409 2354 1479 2389 apud
1499 2357 1620 2381 nostram
1635 2351 1786 2379 Eeclesiam

148 2397 264 2430 Domini,
278 2405 311 2425 ne
331 2398 358 2425 in
377 2399 514 2433 pulverem
530 2402 674 2437 redigatur.
698 2403 862 2432 Subdiaconi
875 2406 936 2440 qui-

147 2442 222 2476 dem,
236 2448 378 2479 postquam
391 2444 483 2472 vidcnt
497 2446 607 2473 calicem
629 2447 822 2476 circumdatum
843 2450 936 2483 linteo,

146 2489 248 2516 vadunt
261 2493 287 2516 et
301 2495 453 2524 praeparant
466 2491 563 2518 calices
576 2492 631 2519 sive
645 2492 772 2521 sindones
786 2496 899 2523 mundus
911 2497 937 2524 in

147 2533 245 2568 quibus
259 2535 390 2570 recipiant
403 2543 502 2570 corpus
517 2536 633 2569 Domini,
650 2546 684 2565 ne
703 2538 729 2565 in
742 2543 841 2567 terram
859 2541 938 2568 cadat

147 2585 174 2606 et
187 2580 212 2607 in
224 2579 361 2615 pulverem
372 2586 503 2610 vertatur.
525 2582 651 2612 Mulieres
669 2585 780 2614 sabbato
794 2587 937 2616 siluerunt.

148 2625 257 2654 Scilicet
272 2632 299 2655 et
319 2628 476 2656 subdiaconi
496 2635 653 2666 exspectant
674 2641 758 2667 usque
773 2634 836 2662 dum
850 2636 938 2664 oratio

148 2672 285 2702 Dominica
306 2675 471 2711 compleatur
493 2681 520 2705 et
545 2678 571 2705 id
593 2679 664 2714 quod
688 2680 785 2714 pendet
808 2681 841 2709 ad
866 2681 938 2711 hanc

146 2719 306 2749 orationem.
320 2722 519 2752 Convenieuter
530 2725 629 2761 quippe
641 2726 783 2755 sabbatum
797 2734 938 2764 eoaptatur

146 2767 262 2795 orationi
281 2768 437 2804 Dominicis,
457 2771 485 2799 in
506 2779 559 2807 qua
579 2777 641 2800 sunt
659 2778 761 2809 septem
781 2775 934 2810 petitiones.

146 2810 252 2839 Etenim
272 2821 322 2849 per
344 2816 487 2850 septimam
510 2817 616 2845 sabbati
638 2818 802 2854 septiformis
825 2821 935 2855 spiritus

147 2855 314 2895 intelligitur.
331 2860 379 2888 Vel
394 2862 426 2889 de
441 2862 563 2891 oratione
577 2863 725 2897 Dominica,
743 2873 801 2900 qua:
823 2866 935 2895 sabbato

148 2908 263 2938 aptatur.
278 2905 326 2935 Vel
341 2907 479 2936 silentium
500 2909 605 2937 sabbati
628 2912 748 2945 requiem
769 2913 867 2941 mentis
890 2914 936 2941 de-

148 2948 247 2985 signat,
262 2959 323 2995 quae
338 2953 419 2982 datur
434 2962 483 2991 per
495 2959 598 2991 septem
612 2955 681 2986 dona
700 2956 820 2993 Spiritus
836 2959 937 2988 sancti.

990 2410 1075 2437 usque
1094 2402 1173 2430 hodie
1191 2406 1283 2428 manet
1304 2406 1333 2428 ut
1349 2402 1371 2428 si
1386 2401 1446 2434 quis
1461 2400 1611 2426 orationem
1626 2397 1704 2429 facit,
1721 2402 1783 2431 spe—

989 2449 1095 2476 cialiter
1109 2448 1183 2475 facit.
1206 2448 1280 2474 Hanc
1300 2447 1337 2474 ita
1353 2445 1454 2473 exultat
1467 2452 1532 2472 voce
1545 2448 1574 2471 ut
1592 2451 1621 2471 se
1635 2443 1722 2478 ipsum
1736 2443 1785 2469 θύα

991 2497 1100 2520 moneat
1114 2493 1177 2527 quid
1196 2493 1222 2519 in
1238 2496 1343 2520 secreto
1358 2492 1448 2519 cordis
1463 2492 1504 2520 sui
1522 2491 1660 2527 postulare
1675 2490 1781 2517 debeat.

990 2537 1082 2572 Neque
1102 2537 1135 2564 ab
1157 2545 1186 2563 re
1207 2541 1248 2564 est
1266 2545 1351 2572 quare
1371 2545 1431 2565 mos
1453 2537 1504 2564 iste
1527 2536 1597 2571 apud
1611 2534 1784 2563 Christianos

988 2587 1121 2611 teneatur.
1143 2582 1240 2610 Procul
1259 2583 1343 2610 dubio
1356 2583 1418 2618 quia
1432 2582 1557 2611 Christus
1580 2581 1653 2609 solus
1673 2580 1779 2607 orabat.

989 2628 1066 2656 Unde
1080 2627 1221 2655 Mattbasns
1238 2638 1243 2655 :
1261 2628 1295 2655 Et
1312 2628 1420 2656 dimissa
1432 2628 1518 2661 turba,
1534 2627 1649 2655 ascendit
1664 2626 1691 2653 in
1705 2633 1780 2652 mon-

988 2679 1039 2703 tem
1052 2674 1125 2703 solus
1138 2683 1214 2703 orare
1229 2674 1337 2710 (Matth.
1351 2675 1418 2712 xiv).

1198 2721 1236 2749 De
1250 2721 1370 2749 crucibus
1382 2722 1411 2749 in
1423 2721 1462 2749 Te
1474 2721 1567 2756 igitur.

1022 2776 1124 2805 Cruces
1141 2777 1168 2804 in
1184 2777 1235 2804 hac
1250 2777 1373 2804 oratione
1386 2776 1494 2805 senario
1508 2783 1622 2804 numero
1636 2774 1780 2812 perﬁciun-

985 2826 1040 2855 tur,
1053 2826 1084 2850 ut
1098 2822 1166 2850 sicut
1182 2822 1228 2849 Dei
1242 2829 1322 2857 opera
1335 2822 1454 2857 perfecta
1469 2824 1544 2855 sunt,
1559 2822 1596 2849 ita
1612 2824 1640 2849 et
1655 2820 1777 2855 ejusdem

986 2868 1034 2896 Dei
1049 2872 1076 2895 et
1086 2868 1191 2895 Domini
1214 2868 1300 2896 nostri
1318 2867 1380 2896 Iesu
1396 2867 1497 2896 Christi
1513 2875 1610 2904 corpus
1624 2866 1776 2902 perfectum

985 2914 1158 2951 intelligatur.
1183 2913 1312 2942 Senarius
1332 2915 1403 2942 enim
1426 2922 1554 2942 numerus
1575 2913 1697 2948 partibus
1719 2913 1775 2939 suis

985 2965 1155 2999 computatus
1166 2960 1301 2995 perlectus
1314 2964 1365 2989 est.
1381 2960 1438 2990 Hoc
1451 2959 1586 2995 signiﬁcat
1596 2958 1669 2995 quod
1685 2959 1780 2986 novis-

25 3218 1446 3406 .-
