4000 6498
404 415 428 468 1
441 413 542 469 527

1435 406 1766 464 AMALARII
1804 406 2241 465 PRESBYTERI
2276 404 2622 466 METENSIS

3528 401 3685 460 {3'28

400 529 540 583 sima
580 543 712 583 crux
742 541 865 582 cum
894 524 1169 582 oblatione
1200 523 1522 592 celebratur,
1553 524 1698 596 quod
1732 540 1830 596 pro
1870 533 1983 598 tota
2009 528 2063 590 Α
2087 526 2278 592 tiones,
2320 526 2376 581 in
2413 525 2706 591 orationes,
2745 521 2803 577 in
2835 519 3244 591 postulationes,
3281 520 3337 577 in

399 620 642 678 Ecclesia
672 629 896 676 venerat
935 619 982 676 is
1021 619 1134 689 pati
1165 618 1318 690 cujus
1357 634 1552 690 corpus
1587 618 1824 691 passioni
1861 634 1982 675 suc-

399 715 589 773 cubuit
614 731 782 785 usque
813 716 881 771 ad
913 722 1119 771 tactum
1148 714 1344 770 crucis.

1106 808 1285 863 Aliter.

468 901 718 972 Quinque
764 903 925 957 etiam
975 901 1192 956 ordines
1238 898 1481 953 crucium
1523 913 1643 970 quae
1686 897 1822 953 ﬁunt
1859 906 1984 953 ante

399 1001 644 1059 sextum,
692 993 907 1063 quando
951 1007 1070 1046 cum
1117 989 1299 1044 oblata
1339 991 1580 1060 tangitur
1613 989 1784 1055 calix,
1825 988 1986 1058 signi-

399 1085 526 1139 ﬁcat
546 1084 785 1155 quinque
807 1091 994 1138 aetates
1023 1082 1210 1136 mundi
1237 1091 1361 1136 ante
1388 1083 1723 1136 nativitatem
1747 1081 1981 1146 Domini,

397 1185 587 1232 sextus
631 1190 759 1230 vero
805 1183 1016 1242 tempus
1059 1173 1189 1227 illud
1231 1174 1372 1243 quod
1416 1182 1583 1228 restat
1629 1190 1659 1227 a
1700 1173 1986 1227 nativitate

396 1268 612 1323 Domini
635 1283 803 1336 usque
827 1267 878 1320 in
908 1266 1070 1320 ﬁnem
1095 1265 1301 1320 mundi.
1331 1263 1615 1336 Signiﬁcat
1643 1265 1788 1319 enim
1818 1264 1985 1318 semel

395 1369 574 1414 tactus
603 1358 739 1414 calix
775 1357 956 1413 oblata
997 1359 1165 1412 semel
1205 1356 1492 1411 Dominum
1527 1355 1834 1410 ascendisse
1868 1369 1985 1407 cru—

395 1465 539 1516 cem,
565 1460 622 1503 ut
652 1449 810 1504 ﬁnem
841 1450 1068 1505 haberet
1095 1449 1370 1504 cruciatus
1397 1449 1487 1519 qui
1519 1448 1682 1503 ﬁebat
1715 1463 1812 1517 per
1835 1447 1986 1516 quin-

393 1555 501 1611 que
547 1549 736 1595 aetates
779 1541 984 1595 mundi.
1031 1541 1136 1595 Per
1177 1540 1414 1597 oblatam
1455 1555 1574 1610 quae
1617 1540 1886 1593 exaltatur
1930 1539 1982 1592 in

392 1649 560 1689 manu
596 1633 881 1702 signantur
919 1634 1216 1704 propheta,
1260 1634 1352 1703 qui
1402 1633 1456 1688 in
1496 1633 1745 1687 manibus
1789 1632 1988 1686 exalta-

391 1721 526 1778 bant
554 1738 741 1779 verum
779 1738 975 1793 panem
1011 1721 1288 1777 Christum
1329 1721 1546 1791 quando
1580 1721 1696 1792 ejus
1739 1721 1986 1775 lncarna-

392 1817 595 1872 tionem
617 1824 805 1886 aperta
823 1830 957 1870 voce
975 1815 1391 1886 prophetabant.
1419 1813 1572 1870 Unde
1593 1813 1762 1868 lsaias
1783 1831 1796 1867 :
1824 1813 1983 1880 Ecce,

2084 621 2357 684 actiones,
2416 619 2492 675 ita
2546 631 3000 675 commemorans.
3059 615 3330 687 Quidquid
3385 618 3571 690 agitur
3627 618 3690 674 in

2083 709 2259 766 cilicio
2288 710 2488 776 missae,
2530 717 2821 780 antequam
2857 708 3054 764 oblata:
3089 716 3363 780 ponantur
3394 710 3452 764 in
3491 710 3691 781 altari,

2082 804 2326 875 precatio
2364 803 2694 860 nominatur.
2736 803 2804 858 Et
2838 802 2983 858 hanc
3016 802 3331 859 distantiam
3365 803 3503 861 facit
3536 807 3693 864 inter

2081 897 2448 966 precationem
2513 903 2569 951 et
2625 895 3061 964 deprecationem
3121 903 3178 952 et
3227 896 3692 969 imprecationem

2083 987 2228 1056 quod
2251 987 2493 1056 precatio
2523 987 2595 1041 sit
2627 985 2843 1057 quando
2877 986 3021 1041 bona
3049 992 3200 1055 optat
3231 987 3451 1056 populo,
3489 988 3694 1059 depre-

2085 1077 2225 1132 catio
2251 1076 2468 1147 quando
2495 1084 2617 1132 orat
2643 1084 2701 1129 ut
2727 1076 2929 1132 devitet
2953 1075 3154 1131 malum
3179 1087 3235 1131 et
3260 1078 3475 1133 desinat
3501 1095 3534 1134 a
3559 1096 3693 1151 pec-

2052 1157 2054 1160 ’
2083 1170 2240 1234 catis,
2270 1168 2586 1238 imprecatio
2613 1166 2830 1238 quando
2857 1167 2997 1223 mala
3027 1177 3202 1237 optat,
3234 1169 3289 1224 id
3316 1178 3420 1237 est,
3454 1172 3691 1227 maledi-

2084 1265 2176 1320 cit.
2209 1263 2392 1320 Prima
2415 1280 2546 1320 vero
2573 1266 2749 1320 oratio
2773 1280 2933 1336 quam
2962 1266 3094 1321 dicit
3121 1267 3408 1337 episcopus
3436 1269 3694 1338 precatio

2084 1357 2415 1422 nominatur,
2440 1357 2494 1411 id
2524 1364 2626 1423 est,
2650 1357 2858 1426 optatio
2888 1357 3027 1411 bona
3058 1371 3156 1426 pro
3183 1357 3404 1427 populo.
3433 1358 3696 1413 Diximus

2085 1464 2317 1520 namque
2357 1450 2499 1518 quod
2537 1449 2790 1504 introitus
2826 1448 2970 1504 foret
3002 1450 3070 1504 ad
3108 1447 3345 1506 ofﬁcium
3383 1451 3691 1521 propheta-

2087 1559 2228 1609 rum,
2255 1544 2511 1613 quoniam
2535 1558 2632 1614 per
2656 1558 2752 1598 ora
2777 1542 3163 1614 pr0phetarum
3185 1536 3439 1599 Christus
3466 1544 3693 1598 intravit

2085 1634 2141 1688 in
2177 1634 2469 1699 mundum,
2510 1641 2565 1688 et
2600 1648 2706 1689 non
2747 1633 2921 1688 solum
2957 1633 3196 1698 intravit,
3236 1633 3330 1688 sed
3369 1642 3426 1688 et
3465 1649 3694 1688 carnem

2085 1727 2407 1797 assumpsit,
2436 1735 2492 1782 et
2519 1728 2682 1782 homo
2712 1725 2889 1782 factus
2918 1733 3033 1792 est,
3062 1727 3268 1782 ducens
3293 1727 3570 1798 originem
3605 1743 3695 1783 se-

2088 1822 2322 1876 cundum
2349 1834 2569 1874 carnem
2593 1820 2658 1874 de
2679 1819 2883 1875 sanctis
2903 1817 3250 1890 patriarchis,
3278 1833 3520 1888 quorum
3549 1834 3692 1873 unus

390 1906 593 1988 inquit,
626 1909 772 1978 virgo
797 1907 1047 1978 concipiet
1074 1917 1121 1960 et
1150 1907 1316 1977 pariet
1343 1905 1511 1974 ﬁlium
1537 1904 1670 1978 (Isa.
1703 1904 1821 1977 vn).
1849 1903 1983 1960 Cum
2012 1888 2060 1948 B
2088 1911 2245 1966 valde
2283 1917 2435 1980 optat
2467 1917 2524 1964 et
2563 1888 2919 1966 commendati
2940 1910 3402 1980 exspectationem
3436 1910 3562 1979 ejus
3587 1927 3691 1982 po-

389 1997 567 2066 ipsam
596 2013 814 2053 crucem
847 1998 992 2055 videt
1020 1997 1279 2052 diaconus
1303 1997 1482 2052 facere
1512 2006 1566 2052 et
1608 1997 1870 2068 incipere,
1903 2013 1986 2052 ca—

389 2087 551 2144 licem
587 2089 827 2143 exaltare
871 2089 1054 2155 vadit,
1103 2098 1158 2144 et
1197 2097 1346 2143 tenet
1388 2089 1611 2144 calicem
1656 2089 1814 2144 simul
1860 2105 1985 2144 cum

389 2177 646 2248 episcopo
675 2177 968 2234 exaltatum
991 2193 1164 2248 usque
1193 2178 1319 2233 dum
1348 2179 1478 2234 dicit
1503 2193 1518 2232 :
1549 2178 1655 2232 Per
1685 2179 1861 2232 omnia
1889 2195 1987 2233 sa:-

388 2269 511 2325 cula
534 2270 871 2338 sweulorum,
903 2280 959 2327 et
984 2281 1174 2343 postea
1203 2272 1357 2342 ponit
1377 2271 1600 2327 calicem
1629 2271 1685 2326 in
1715 2271 1908 2338 altare,
1931 2279 1986 2325 et

387 2362 615 2418 involvit
649 2379 772 2419 eum
803 2364 1039 2420 sudario.
1086 2364 1290 2436 Nempe
1331 2363 1552 2435 Joseph,
1601 2372 1825 2434 accepto
1865 2377 1986 2418 cor-

384 2469 520 2525 pore
544 2454 691 2521 Jesu,
726 2455 951 2510 involvit
979 2454 1110 2509 illud
1138 2456 1190 2509 in
1221 2455 1445 2510 sindone
1470 2454 1690 2520 munda,
1718 2463 1772 2508 et
1800 2452 1984 2522 posuit

302 2594 308 2604 ,
385 2547 520 2604 illud
548 2548 604 2602 in
628 2554 978 2603 monumento
1005 2562 1122 2602 suo.
1154 2545 1310 2601 Hunc
1337 2553 1658 2615 praesentem
1689 2543 1982 2599 diaconum

383 2649 610 2712 propter
662 2640 990 2696 conveniens
1040 2639 1404 2694 ministerium
1455 2637 1510 2691 in
1554 2643 1682 2708 typo
1727 2635 1980 2705 ponimus

382 2729 620 2802 Ioseph,
669 2731 782 2786 sive
829 2730 1155 2802 generaliter
1189 2729 1243 2783 in
1289 2736 1417 2801 typo
1457 2743 1645 2782 eorum
1692 2725 1786 2796 qui
1829 2731 1979 2781 casto

382 2821 551 2880 corde
589 2821 850 2893 mysteria
889 2819 1089 2876 Christi
1135 2818 1454 2888 suscipiunt.
1500 2816 1768 2871 Diaconus
1811 2812 1980 2883 siqui~

382 2914 506 2969 dem
553 2913 646 2982 qui
695 2921 846 2969 tenet
893 2911 1118 2967 calicem
1166 2910 1464 2966 exaltatum
1511 2922 1635 2962 cum
1679 2904 1977 2971 Pontiﬁce,

378 3002 537 3072 ponit
574 3001 725 3056 illum
753 3002 808 3056 in
833 3001 1027 3067 altare,
1055 2999 1180 3071 quia
1210 2998 1408 3069 Joseph
1443 2995 1691 3066 deposuit
1721 2995 1787 3051 de
1815 3009 1978 3051 cruce

381 3106 586 3160 corpus
614 3091 969 3156 dominicum,
999 3099 1055 3145 et
1081 3090 1264 3159 posuit
1294 3090 1349 3143 in
1390 3097 1819 3142 monumentum.
1853 3086 1979 3140 Dia-
2027 3104 2030 3106 ‘

383 3196 578 3247 conus,
610 3181 750 3236 sicut
787 3179 1044 3246 diximus,
1070 3178 1294 3233 involvit
1321 3192 1444 3232 cum
1478 3176 1694 3230 sudario
1723 3173 1973 3240 calicem,

381 3241 640 3342 quoniam
661 3268 864 3341 Ioseph
891 3241 1118 3325 involvit
1154 3269 1209 3323 in
1239 3266 1466 3323 sindone
1506 3265 1725 3320 munda.
1768 3263 1828 3318 In
1856 3264 1974 3334 ipso
2003 3241 2048 3305 (εἶ

380 3363 565 3429 altari,
593 3362 649 3417 id
677 3371 781 3428 est,
811 3361 867 3417 in
897 3361 1165 3431 sepulcro,
1193 3357 1474 3428 corporale
1500 3358 1665 3429 jacet.
1697 3355 1803 3411 Per
1831 3357 1976 3426 quod

381 3456 707 3528 intelligitur
742 3456 922 3527 ipsum
955 3454 1183 3509 linteum
1221 3451 1396 3522 majus
1429 3466 1538 3522 quo
1574 3457 1748 3505 totum
1779 3463 1976 3520 corpus

379 3547 600 3605 Domini
628 3548 911 3616 tegebatur
935 3546 990 3600 in
1019 3545 1289 3615 sepulcro.
1319 3545 1389 3599 Et
1423 3558 1520 3613 per
1548 3542 1677 3597 illud
1705 3540 1848 3613 quod
1877 3541 1976 3596 ali-

379 3656 547 3714 quam
585 3649 794 3712 partem
844 3640 1030 3695 calicis
1076 3639 1211 3710 tegit
1256 3635 1572 3704 sudarium,
1621 3635 1975 3705 intelligimus

380 3734 527 3805 quod
551 3732 783 3804 aliquam
827 3741 1040 3802 partem
1067 3731 1260 3803 capitis
1301 3729 1514 3787 Domini
1542 3730 1757 3800 tegebat
1786 3737 1841 3783 et
1871 3728 1971 3782 ali-

379 3843 545 3899 quam
578 3843 685 3882 non
713 3826 954 3898 tegebat,
989 3826 1128 3881 sicut
1159 3840 1276 3881 mos
1318 3823 1519 3880 Judzeis
1555 3831 1638 3878 est
1677 3821 1880 3888 facere,
1917 3828 1972 3875 et

377 3928 626 3975 remanet
674 3920 729 3973 in
778 3919 960 3986 altari,
1004 3919 1061 3974 id
1105 3927 1209 3986 est,
1259 3919 1316 3974 in
1363 3917 1630 3990 sepulcro.
1679 3914 1793 3972 Hoc
1835 3929 1972 3984 opus

377 4029 552 4085 usque
579 4013 706 4068 dum
735 4013 840 4069 tria
869 4013 1103 4084 capitula
1131 4015 1524 4085 compleantur,
1563 4013 1618 4067 id
1641 4020 1725 4068 est
1743 4053 1757 4079 ,
1791 4010 1972 4082 prolo-

377 4125 479 4180 gus
507 4108 840 4175 deoratione
867 4109 1114 4179 sequenti
1139 4128 1152 4163 :
1182 4107 1344 4165 Pater
1366 4117 1555 4173 noster,
1582 4119 1637 4162 et
1663 4107 1850 4160 Libera
1878 4122 1969 4160 nos

376 4217 700 4268 quwsumus,
728 4200 969 4255 Domine.
998 4201 1212 4256 Etenim
1236 4209 1347 4256 tres
1371 4200 1486 4256 dies
1516 4199 1570 4253 in
1595 4199 1843 4269 sepulcro
1865 4198 1970 4252 Do-

378 4295 558 4349 minus
602 4293 828 4364 quievit.
863 4293 1055 4349 Postea
1101 4308 1333 4363 namque
1379 4293 1722 4348 commislum
1771 4304 1968 4358 corpus

377 4385 594 4440 Domini
619 4401 742 4440 cum
767 4385 916 4451 vino,
950 4385 1216 4456 simulque
1245 4401 1376 4455 pace
1412 4383 1749 4447 annuntiata,
1787 4379 1968 4436 aufer-

377 4486 469 4533 tur
499 4478 841 4534 Dominicum
879 4493 1074 4548 corpus
1114 4478 1179 4532 de
1207 4477 1386 4543 altari,
1425 4476 1679 4546 quoniam
1721 4475 1775 4529 in
1806 4475 1964 4528 tertia

2086 2001 2213 2072 pulo
2240 2001 2357 2073 ejus
2385 2001 2571 2056 dicens
2603 2020 2616 2056 :
2653 2000 2779 2056 Non
2807 2001 3080 2071 auferetur
3115 2013 3377 2072 sceptrum
3413 2002 3482 2056 de
3515 2001 3691 2068 Iuda,

2085 2103 2136 2150 et
2174 2094 2285 2148 dua:
2318 2094 2383 2148 de
2421 2093 2617 2164 femore
2653 2093 2768 2163 ejus
2791 2134 2805 2159 ,
2846 2093 3010 2147 donec
3049 2093 3219 2147 ueniat
3254 2093 3347 2163 qui
3395 2095 3693 2148 mittendus
3744 2129 3752 2135 -

2086 2197 2192 2253 est,
2231 2197 2279 2241 et
2314 2188 2424 2258 ipse
2460 2187 2557 2242 erit
2593 2186 2908 2257 exspectatio
2942 2186 3173 2256 gentium
3213 2183 3362 2256 (Gen.
3401 2187 3578 2256 mx).
3621 2187 3699 2242 Et

2086 2281 2282 2336 iterum
2319 2298 2331 2333 :
2381 2277 2631 2333 Salutare
2665 2288 2815 2332 tuum
2851 2276 3179 2346 exspectabo,
3221 2275 3429 2330 Domine
3461 2275 3684 2348 (Ibid.).

2083 2369 2325 2441 Itemque
2354 2385 2369 2424 :
2402 2369 2648 2434 Obsecro,
2683 2368 2886 2440 inquit,
2920 2366 3168 2432 Domine,
3199 2368 3334 2421 mitte
3361 2384 3514 2437 quem
3547 2367 3689 2421 mis-

2083 2479 2240 2518 surus
2272 2478 2326 2516 es
2356 2461 2554 2533 (Exod.
2584 2459 2683 2534 ιν).
2724 2459 2840 2516 Hoc
2866 2457 3071 2514 bonum
3105 2467 3258 2529 optat
3284 2467 3472 2513 sancta
3511 2455 3695 2512 Maria

2085 2552 2251 2623 Virgo
2281 2552 2376 2606 Dei
2414 2550 2670 2623 genitrix,
2701 2549 2918 2620 quando
2949 2549 3160 2619 Angelo
3196 2550 3480 2619 respondit
3511 2568 3526 2603 :
3567 2548 3695 2604 Fiat

2083 2641 2241 2708 mihi,
2267 2656 2394 2696 ecce
2423 2639 2619 2696 ancilla
2645 2640 2884 2706 Domini,
2913 2640 3210 2694 secundum
3240 2640 3475 2694 verbum
3505 2649 3690 2705 tuum,

2081 2735 2279 2804 utipse
2312 2735 2572 2805 procedat
2605 2749 2673 2790 ex
2713 2748 2837 2789 meo
2876 2730 3128 2802 virginali
3175 2738 3331 2786 utem
3374 2731 3472 2802 qui
3515 2730 3694 2788 salvet

2080 2825 2337 2896 populum
2363 2841 2523 2881 suum
2549 2841 2580 2880 a
2608 2823 2848 2896 peccatis
2876 2837 3064 2877 eorum
3091 2819 3244 2892 (Luc.
3273 2820 3335 2892 ι).

2715 2915 2795 2970 De
2825 2923 3044 2970 secreta.

2152 3008 2376 3066 Secreta
2417 3009 2617 3065 dicitur
2656 3022 2722 3063 eo
2763 3007 2907 3077 quod
2950 3013 3213 3062 secretam
3247 3003 3562 3060 orationem
3597 3002 3694 3060 dat

2081 3101 2366 3173 episcopus
2400 3117 2563 3171 super
2596 3100 2944 3165 oblationem,
2977 3108 3035 3154 ut
3065 3099 3206 3154 Deus
3231 3097 3368 3153 velit
3408 3098 3689 3170 respicere

2083 3209 2245 3263 super
2266 3192 2595 3248 oblationem
2617 3191 2952 3262 propositam
2973 3198 3028 3245 et
3050 3189 3312 3260 deputare
3333 3204 3461 3244 eam
3486 3187 3688 3244 futura:

2078 3283 2496 3340 consecrationi.
2524 3280 2720 3337 Notum
2751 3290 2836 3337 est
2864 3281 3010 3335 enim
3032 3281 3152 3336 ideo
3179 3288 3455 3335 secretam
3477 3281 3680 3334 oratio-

2076 3391 2203 3432 nem
2237 3375 2420 3431 facere
2463 3391 2625 3448 super
2670 3373 2997 3430 oblationem
3042 3380 3102 3427 ut
3139 3373 3315 3443 possit
3351 3387 3427 3428 ex
3461 3388 3530 3429 ea
3568 3373 3688 3429 ﬁeri

2076 3483 2274 3542 corpus
2305 3468 2528 3525 Christi.

2523 3559 2602 3615 De
2633 3560 2887 3632 fractione
2917 3557 3230 3613 oblatarum.

2147 3653 2366 3710 Fractio
2381 3653 2686 3710 oblatarum
2707 3651 2856 3707 illam
2873 3649 3197 3706 fractionem
3218 3647 3500 3720 signiﬁcat
3518 3661 3682 3719 quam

2075 3747 2337 3805 Dominus
2376 3745 2587 3801 duobus
2622 3742 2752 3800 fecit
2786 3744 2842 3798 in
2875 3741 3095 3797 Emaus.
3134 3740 3250 3808 Qua
3287 3741 3352 3795 de
3390 3755 3455 3794 re
3503 3735 3686 3793 solent

2076 3840 2243 3912 aliqui
2278 3839 2692 3910 episcoporum,
2727 3834 2944 3906 quando
2983 3833 3216 3889 invicem
3245 3831 3682 3896 communicant,

2075 3941 2189 3989 tres
2219 3931 2502 4003 portiones
2538 3928 2720 3984 facere
2753 3927 2820 3982 de
2857 3942 2969 3981 una
2997 3925 3177 3981 oblata
3216 3924 3272 3978 in
3314 3931 3446 3994 typo
3480 3923 3685 3977 horum

2073 4025 2266 4090 trium,
2294 4023 2350 4078 id
2379 4030 2484 4089 est,
2509 4019 2716 4077 Christi
2746 4027 2803 4074 et
2822 4017 3036 4087 Cleopae
3062 4023 3139 4082 et,
3168 4023 3230 4070 ut
3250 4014 3465 4079 dicunt,
3493 4013 3682 4068 Lucae.

2075 4115 2230 4172 Sicut
2259 4115 2404 4169 enim
2442 4112 2626 4169 multae
2655 4110 2912 4166 Ecclesiae
2944 4116 3069 4164 sunt
3098 4122 3198 4179 per
3231 4106 3560 4162 universum
3587 4120 3685 4160 or-

2071 4208 2197 4264 bem
2239 4215 2514 4262 terrarum
2547 4212 2774 4276 propter
2808 4203 3020 4258 diversa
3061 4200 3200 4267 loca,
3245 4209 3302 4256 et
3341 4208 3533 4255 tamen
3573 4213 3682 4253 una

2071 4310 2261 4357 sancta
2312 4308 2396 4356 est
2445 4298 2713 4354 catholica
2758 4303 2983 4367 propter
3031 4309 3198 4348 unam
3245 4291 3437 4356 ﬁdem,
3493 4291 3582 4345 sic
3625 4300 3682 4344 et

2071 4392 2255 4447 multa:
2289 4391 2484 4447 oblata:
2521 4397 2747 4462 propter
2784 4397 2911 4445 vota
2952 4385 3296 4442 offerentium
3331 4399 3476 4439 unus
3515 4383 3680 4453 panis

2072 4493 2157 4540 est
2191 4492 2414 4556 propter
2452 4484 2716 4539 unitatem
2747 4480 2993 4553 corporis
3028 4477 3255 4534 Christi.
3295 4475 3355 4532 Si
3398 4477 3550 4532 enim
3589 4491 3677 4531 re-

376 4567 465 4622 die
515 4567 695 4621 anima
742 4584 861 4638 qua:
913 4568 1192 4623 descendit
1237 4569 1303 4623 ad
1342 4566 1549 4623 inferna
1596 4577 1656 4622 ut
1708 4567 1965 4622 liberaret
1990 4605 2044 4665 D
2069 4576 2245 4648 Quiris
2270 4592 2439 4646 quare
2474 4591 2582 4630 non
2613 4574 2823 4644 integra
2853 4571 3034 4626 oblata
3063 4575 3298 4640 ponatur
3329 4567 3387 4622 in
3420 4566 3658 4630 alicam,

368 4657 570 4729 justos,
591 4659 839 4729 corporis
861 4658 1159 4712 viviticaret
1182 4659 1446 4725 membra,
1468 4659 1631 4713 rediit
1654 4658 1722 4712 ad
1746 4674 1961 4728 corpus,

374 4759 576 4807 etnon
607 4758 691 4807 est
719 4749 950 4822 amplius
985 4750 1262 4805 inventum
1298 4749 1636 4804 Dominicum
1674 4764 1872 4820 corpus
1910 4751 1965 4804 in

318 4830 320 4832 V
374 4844 644 4915 sepulcro.
687 4844 755 4900 Et
791 4844 910 4900 ideo
944 4843 1198 4914 quoniam
1236 4850 1380 4898 totus
1412 4843 1575 4898 homo
1612 4843 1849 4899 surrexit
1887 4843 1963 4898 si-

373 4937 520 5004 mul,
561 4937 643 4994 fas
690 4944 773 4992 est
807 4945 867 4991 ut
903 4935 1047 4992 illico
1086 4949 1210 4991 cum
1249 4934 1522 4992 oblatione
1569 4934 1710 4992 calix
1750 4934 1962 4990 Domini

373 5029 650 5085 auferatur
676 5029 744 5084 de
772 5027 947 5084 altari.

370 5144 451 5201 De
496 5145 792 5202 nominibus
831 5147 1402 5218 quatuororationum
1451 5145 1811 5217 episcoporum
1856 5145 1961 5200 sive

890 5279 892 5281 ν
932 5215 1111 5289 populi
1136 5219 1194 5271 in
1218 5218 1397 5272 missa.

441 5307 624 5366 Prima
664 5309 861 5377 oratio,
899 5309 1187 5381 aliquando
1216 5309 1391 5364 oratio
1419 5307 1636 5373 dicitur,
1669 5308 1960 5378 aliquando

370 5402 612 5458 collecta.
653 5403 997 5461 Manifestum
1030 5412 1114 5461 est
1157 5404 1299 5476 quod
1345 5403 1467 5460 ideo
1515 5403 1692 5458 oratio
1736 5403 1956 5471 dicitur,

369 5495 498 5565 quia
529 5506 823 5567 precantur
845 5497 989 5553 bona
1009 5512 1108 5568 pro
1132 5496 1349 5567 populo.
1382 5495 1619 5554 Collecta
1647 5509 1800 5561 vero,
1829 5495 1955 5564 quia

365 5585 598 5656 populus
625 5588 912 5644 inchoatur
946 5588 1197 5659 colligere
1229 5589 1285 5644 in
1311 5605 1498 5646 unum.
1541 5585 1732 5644 Libeat
1758 5584 1954 5640 frater-

367 5677 594 5733 nitatem
622 5687 768 5735 tuam
800 5682 952 5749 mihi,
976 5681 1145 5737 frater
1166 5682 1502 5747 charissime,
1530 5683 1607 5736 uti
1630 5680 1954 5736 auctoritate

367 5770 542 5825 sancti
593 5771 878 5842 Augustini
933 5776 986 5829 in
1036 5774 1140 5830 hoc
1186 5775 1465 5846 opusculo.
1522 5775 1669 5830 lstud
1715 5773 1951 5831 cilicium

2069 4684 2195 4724 cum
2233 4674 2445 4724 constet
2483 4666 2752 4737 integrum
2787 4677 2985 4733 corpus
3013 4659 3228 4716 Domini
3265 4657 3665 4721 resurrexisse,

2066 4761 2270 4834 partim
2295 4767 2754 4824 resurrecturum,
2777 4755 2977 4827 partim
2996 4753 3106 4824 iam
3125 4752 3284 4818 vivit,
3304 4758 3367 4807 ut
3387 4750 3537 4807 ultra
3560 4765 3670 4806 non

2067 4853 2353 4918 moriatur,
2397 4851 2603 4921 partim
2647 4847 2876 4906 mortale
2921 4854 3040 4913 est,
3081 4853 3139 4900 et
3175 4852 3359 4899 tamen
3400 4843 3460 4898 in
3499 4840 3665 4896 caelo.

2066 4943 2221 5000 Unde
2251 4943 2384 4998 dicit
2420 4939 2710 5012 Apostolus
2742 4958 2754 4994 :
2802 4937 3002 4993 Nostra
3038 4945 3214 4990 autem
3243 4932 3575 4989 conversatio
3612 4932 3666 4987 in

2065 5035 2206 5092 oculis
2237 5045 2311 5090 est
2343 5032 2565 5108 (Philip.
2599 5032 2703 5104 tu).

2099 5146 2179 5203 De
2203 5163 2331 5218 pace
2355 5145 2671 5200 annuntiata
2700 5152 2980 5218 antequa_m
3010 5141 3411 5218 commisceatur
3435 5155 3631 5210 corpus

2592 5225 2641 5270 et
2663 5213 2877 5285 sanguis
2902 5213 3136 5267 Domini.

2135 5309 2356 5365 Duobus
2400 5309 2546 5366 enim
2597 5306 2772 5363 modis
2816 5312 2997 5376 potest
3043 5303 3216 5374 accipi
3258 5316 3366 5374 pax
3403 5300 3551 5357 dicta
3595 5301 3665 5356 ab

2063 5403 2319 5475 episcopo
2359 5403 2473 5459 sive
2509 5401 2826 5473 presbytero
2867 5406 3158 5466 antequam
3198 5408 3398 5464 corpus
3442 5390 3664 5447 Domini

2065 5499 2315 5553 mittatur
2341 5497 2394 5551 in
2425 5493 2765 5565 sanguinem.
2795 5489 3017 5546 Scilicet
3037 5495 3091 5542 ct
3118 5485 3207 5541 illa
3234 5499 3343 5556 pax
3366 5497 3470 5555 per
3492 5483 3664 5538 istam

2063 5589 2293 5660 intelligi
2326 5594 2505 5660 potest
2538 5598 2658 5656 quae
2689 5583 2854 5655 justis
2887 5581 3078 5637 eodem
3110 5587 3356 5649 tempore
3389 5577 3519 5630 data
3549 5582 3658 5638 est,

2065 5683 2277 5753 quando
2325 5681 2506 5736 anima
2555 5677 2758 5734 Christi
2811 5675 3089 5733 descendit
3139 5675 3209 5729 ad
3253 5671 3557 5734 infernum,
3604 5676 3661 5724 et

2063 5776 2206 5833 eruit
2238 5775 2361 5830 inde
2401 5788 2591 5829 omnes
2628 5770 2832 5836 ﬁdeles,
2873 5777 2928 5826 et
2960 5767 3216 5825 abstersit
3251 5766 3396 5822 Deus
3431 5776 3660 5820 omnem

367 5875 604 5936 ιιίιωιιιιθ
628 5863 686 5923 in
712 5873 940 5937 quatuor
964 5869 1174 5938 species
1197 5870 1422 5942 dividit,
1449 5870 1504 5930 id
1527 5878 1642 5942 est,
1671 5869 1725 5929 in
1759 5884 2030 5963 precs-ﬂ
2058 5871 2356 5947 lacrymam
2383 5871 2454 5930 ab
2490 5866 2660 5929 oculis
2698 5880 2918 5940 eorum,
2956 5872 3016 5925 ut
3055 5860 3284 5937 amplius
3314 5859 3396 5920 eis
3430 5872 3542 5919 non
3581 5862 3659 5912 stt
