4000 6298
233 475 255 528 1
267 471 372 528 529

174 572 179 577 ’
230 588 383 644 dolor
409 596 586 653 neque
613 581 811 645 luctus,
840 578 934 635 sed
962 578 1016 633 in
1042 590 1174 649 pace
1204 573 1320 640 Dei,
1354 591 1458 646 qua
1493 572 1666 644 angeli
1705 587 1805 644 pa»
1833 572 1888 633 Α

229 677 336 734 cati
369 682 494 729 sunt
519 688 642 729 cum
665 687 730 728 eo
755 679 814 726 ut
838 671 1021 724 vivant
1049 669 1103 722 in
1130 677 1408 722 aeternum.
1443 665 1541 722 Vel
1567 673 1714 720 certe
1742 678 1806 718 ea

228 784 336 840 pax
371 780 468 837 per
513 765 671 820 istam
705 762 928 832 intelligi
960 767 1138 831 potest
1175 773 1295 829 qua:
1333 758 1456 812 data
1490 764 1573 812 est
1606 753 1808 810 Christi

229 855 446 927 corpori
474 853 688 924 quando
713 852 892 907 anima
919 850 985 905 ad
1012 849 1142 904 illud
1166 848 1353 913 rediit;
1381 855 1442 902 ut
1469 848 1608 902 sicut
1632 860 1809 914 neque

229 948 411 1004 anima
441 959 678 1014 unquam
716 944 930 998 turbata
967 949 1050 997 est
1084 956 1183 1011 pro
1219 955 1315 995 sua
1355 947 1560 1005 morte,
1595 938 1669 992 ita
1708 952 1810 992 nec

227 1054 428 1110 corpus
457 1037 601 1094 ultra
629 1037 875 1092 turbetur
895 1036 964 1090 de
986 1050 1083 1090 sua
1108 1033 1435 1100 mutatione;
1469 1033 1563 1088 sed
1587 1047 1649 1086 ca
1676 1046 1811 1102 pace

229 1133 484 1187 fruantur
510 1139 740 1201 utraque
769 1137 827 1182 ut
853 1143 1066 1198 semper
1091 1128 1360 1199 gaudeant
1387 1127 1452 1182 de
1478 1135 1680 1182 aeterna
1710 1126 1812 1180 im-

228 1222 580 1279 mortalitate.
619 1219 736 1274 Non
768 1218 914 1274 enim
943 1218 1012 1273 ab
1045 1233 1107 1273 re
1142 1226 1227 1272 est
1255 1218 1299 1272 si
1338 1233 1436 1288 per
1471 1226 1675 1272 tactum
1703 1232 1812 1288 quo

228 1320 527 1382 tanguntur
566 1308 703 1363 labia
748 1307 934 1363 calicis
978 1307 1166 1362 eodem
1207 1315 1450 1376 tempore
1488 1306 1812 1377 scripturam

229 1403 378 1458 illam
407 1401 737 1469 accipiamus
765 1416 780 1452 :
812 1397 883 1452 Et
912 1398 1186 1468 insufﬂauit
1213 1398 1269 1452 in
1296 1397 1483 1468 faciem
1509 1397 1624 1464 eius
1649 1399 1815 1468 spira-

228 1494 408 1550 culum
436 1494 552 1547 vita:
580 1489 732 1554 (Gen.
765 1490 849 1562 ιι),
881 1498 942 1544 ut
969 1505 1032 1546 eo
1061 1490 1304 1546 membro
1333 1489 1659 1545 restauratio
1687 1490 1814 1545 vita:

228 1584 442 1654 legatur
467 1581 554 1638 cui
602 1581 779 1652 primo
820 1587 881 1635 ut
906 1581 1112 1636 viveret
1155 1580 1351 1650 legitur
1397 1581 1540 1636 data.
1595 1579 1735 1636 Sane
1759 1588 1814 1636 et

230 1673 363 1729 illud
394 1670 588 1727 rationi
615 1671 864 1742 congruit
895 1678 955 1725 ut
991 1678 1224 1741 quatuor
1249 1686 1440 1726 sensus
1477 1677 1603 1726 sunt
1640 1671 1695 1725 in
1723 1686 1818 1726 ca-

227 1765 361 1838 pite,
393 1778 491 1834 per
519 1771 750 1833 quatuor
774 1771 956 1834 partes
985 1763 1126 1819 labia
1153 1764 1338 1820 calicis
1362 1773 1671 1836 tangantur,
1700 1765 1815 1821 sive

228 1855 358 1924 quia
398 1869 496 1924 per
520 1862 754 1924 quatuor
793 1860 976 1924 partes
1022 1853 1206 1908 mundi
1251 1852 1451 1909 Christi
1487 1853 1815 1910 resurrectio

1357 455 1651 515 ECLOGAE
1691 454 1782 512 DE
1820 452 2090 512 OFFICIO
2125 451 2376 511 MISSIE.
3345 459 3482 514 i550

2157 570 2234 625 De
2262 567 2612 625 benedictione
2633 575 2747 640 post
2777 572 3217 630 communionem.

1977 661 2108 717 Post
2137 660 2574 717 cOmmunionem
2620 660 2761 716 hanc
2804 663 3110 719 orationem
3149 663 3486 738 Augustinus

1907 754 2324 826 postulationem
2366 761 2542 809 vocat.
2580 753 2710 808 Post
2756 755 3190 813 communionem
3251 775 3486 830 namque

1910 847 2042 902 dicit
2071 847 2196 916 quia
2217 855 2502 918 postquam
2525 846 2755 918 populus
2786 849 3151 906 communicat
3173 852 3290 908 haec
3310 854 3490 925 sequi-

1909 944 2018 991 tur.
2051 935 2226 1007 Super
2275 937 2531 1008 populum
2565 953 2694 992 vero
2723 979 2738 1003 ,
2796 939 2922 1008 quia
2972 948 3101 996 tunc
3149 943 3492 1001 benedicitur

1908 1029 2138 1100 populus
2188 1037 2250 1083 ut
2298 1036 2486 1084 nostro
2545 1037 2732 1085 sancto
2795 1032 3119 1088 conveniant
3177 1033 3489 1105 Evangelio.

1909 1119 2040 1176 Post
2064 1120 2365 1176 orationem
2391 1129 2446 1175 et
2487 1121 3033 1178 communicationem
3079 1126 3386 1182 benedictio
3409 1143 3495 1183 se-

1910 1215 2118 1285 quitur,
2151 1215 2405 1285 quoniam
2448 1224 2734 1287 postquam
2760 1217 3010 1274 Christus
3049 1221 3106 1275 in
3131 1237 3293 1278 cruce
3317 1225 3496 1280 oravit

1911 1315 1967 1362 et
1987 1321 2170 1361 coram
2194 1306 2472 1378 discipulis
2488 1309 2837 1363 manducavit
2862 1317 2918 1364 et
2939 1310 3199 1382 reliquias
3220 1313 3299 1369 eis
3321 1315 3491 1380 dedit,

1912 1397 2137 1452 el‘bvatis
2159 1397 2406 1452 manibus
2441 1397 2554 1452 suis
2599 1399 2877 1454 benedixit
2913 1415 3008 1455 eos
3046 1398 3198 1472 (Luc.
3233 1403 3414 1474 xxw):
3441 1411 3498 1458 et

1913 1489 2116 1545 factum
2139 1497 2224 1544 est
2257 1505 2379 1544 cum
2403 1489 2752 1545 benediceret
2783 1505 2876 1546 eos
2902 1531 2917 1556 ,
2957 1492 3183 1547 recessit
3204 1493 3272 1547 ab
3299 1493 3410 1560 eis,
3442 1502 3500 1550 et

1913 1581 2192 1638 ferebatur
2216 1581 2270 1636 in
2300 1581 2517 1637 caelum.
2550 1580 2744 1636 Nostra
2767 1582 2965 1654 quippe
2989 1582 3296 1640 benedictio
3313 1594 3501 1654 postu-

1915 1671 2044 1726 latio
2095 1678 2180 1726 ‘est
2227 1671 2368 1740 apud
2428 1671 2715 1726 Dominum
2746 1681 2806 1726 ut
2852 1672 3174 1728 benedicere
3226 1675 3496 1745 dignetur.

1915 1761 2213 1833 EpiscOpus
2243 1776 2476 1830 namque
2520 1761 2646 1816 data
2693 1762 3070 1819 benedictione
3117 1767 3406 1820 revertitur
3430 1767 3500 1822 ad

1915 1854 2155 1924 propria.
2207 1853 2399 1909 Postea
2444 1856 2731 1910 annuntiat
2764 1856 3041 1924 diaconus,
3074 1857 3156 1912 Ite
3204 1859 3371 1914 Missa
3399 1869 3496 1916 est.

228 1953 500 2015 speratur.
534 1945 664 2000 Inde
700 1943 962 2014 scriptum
991 1951 1075 1999 est
1110 1962 1123 1998 :
1161 1943 1202 1997 Α
1230 1953 1458 2014 quatuor
1486 1944 1648 1998 ventis
1676 1945 1812 2010 veni,
1843 1937 1890 1997 B
1914 1943 1973 1999 In
2007 1944 2321 2016 angelorum
2367 1953 2493 2016 typo
2533 1945 2778 2014 loquitur
2815 1947 3034 2018 p0pulo,
3097 1949 3190 2018 qui
3243 1949 3501 2006 dixerunt

225 2044 276 2090 et
302 2037 512 2107 insuﬂla
531 2052 686 2106 super
709 2036 1007 2106 interfectos
1031 2036 1181 2101 istos,
1204 2045 1250 2090 et
1271 2037 1573 2090 reviviscunt
1595 2035 1810 2107 (Ezech.

226 2128 465 2199 xxxvii).
519 2128 670 2204 Sicut
718 2129 863 2185 enim
912 2136 1199 2200 postquam
1240 2129 1394 2199 pueri
1443 2129 1818 2185 clamaveruut

225 2219 449 2276 Osanna
492 2221 790 2276 benedictus
826 2222 917 2293 qui
963 2224 1118 2284 venit,
1153 2221 1393 2277 Gentiles
1432 2221 1685 2292 quidam,
1723 2220 1816 2290 qui

224 2311 472 2366 nondum
518 2320 675 2365 erant
720 2310 836 2374 Dei,
888 2311 1204 2380 quaerebant
1228 2325 1326 2381 per
1351 2309 1677 2378 Philippum,
1724 2307 1818 2378 qui

225 2408 346 2454 erat
375 2415 440 2454 os
464 2399 747 2471 lampadis,
784 2400 968 2456 videre
995 2400 1204 2466 Iesum,
1235 2401 1290 2455 in
1318 2417 1424 2471 quo
1452 2400 1817 2472 significatum

153 2524 156 2525 ν
224 2497 310 2545 est
340 2488 582 2546 Gentiles
609 2490 817 2546 futuros
840 2506 1037 2562 corpus
1065 2491 1276 2546 Domini
1304 2504 1401 2562 per
1435 2491 1593 2546 ﬁdem
1612 2531 1628 2556 ,
1661 2491 1736 2545 ita
1764 2497 1819 2545 et

226 2577 330 2633 iste
373 2579 534 2648 panis
577 2580 793 2650 quando
837 2581 1073 2651 primum
1101 2580 1323 2650 ponitur
1355 2581 1410 2636 in
1439 2581 1620 2648 altari,
1653 2580 1818 2635 datur

227 2670 459 2743 intelligi
498 2671 737 2728 futurum
783 2673 850 2729 de
887 2689 952 2728 eo
977 2673 1095 2728 fieri
1124 2689 1321 2745 corpus
1349 2673 1583 2729 Domini.
1617 2673 1818 2729 Audia-

226 2777 348 2817 mus
375 2762 509 2833 quid
538 2762 604 2818 de
633 2761 746 2832 jam
786 2765 1226 2819 commemoratis
1257 2763 1543 2835 gentilibus
1587 2779 1815 2835 respon-

227 2851 353 2906 deat
387 2852 654 2909 Dominus
687 2873 700 2908 :
735 2853 856 2909 Nisi
884 2871 1106 2925 granum
1137 2854 1386 2924 frumenti
1415 2853 1606 2908 cadens
1633 2855 1688 2907 in
1716 2864 1818 2908 ter-

227 2959 342 2997 ram
370 2953 636 2999 mortuum
664 2945 842 3016 fuerit,
877 2946 1048 3016 ipsum
1081 2945 1252 3000 solum
1282 2954 1454 3000 manet
1483 2945 1664 3018 (Joan.
1692 2945 1814 3017 xu).

227 3033 286 3088 In
317 3051 429 3106 quo
463 3036 708 3105 profecto
733 3037 1059 3103 ostenditur,
1097 3038 1200 3091 nisi
1234 3037 1349 3108 ipse
1376 3038 1660 3102 moriatur,
1687 3053 1819 3106 gen-

229 3127 483 3184 tilitatem
529 3143 636 3184 non
683 3128 798 3184 fieri
825 3145 1024 3201 corpus
1065 3144 1241 3184 suum.
1275 3128 1367 3184 Sic
1394 3145 1522 3186 sane
1559 3139 1614 3184 et
1659 3130 1818 3201 panis

227 3238 396 3293 purus
424 3240 621 3294 corpus
647 3241 804 3280 suum
835 3233 992 3279 antea
1023 3223 1139 3279 fieri
1187 3240 1295 3280 non
1339 3232 1570 3293 poterat,
1617 3223 1722 3278 nisi
1749 3224 1816 3277 ad

230 3314 551 3368 memoriam
597 3314 885 3369 reducatur
919 3312 1229 3368 Sacerdotis
1266 3322 1664 3368 sacramentum
1695 3329 1819 3382 pas-

231 3403 403 3460 sionis
435 3404 676 3470 Domini,
712 3411 769 3459 et
806 3405 984 3460 crucis
1013 3404 1348 3476 signaculum
1388 3421 1552 3476 super
1580 3421 1644 3461 eo
1672 3407 1818 3462 cele-

233 3497 446 3551 bretur.

791 3566 922 3622 Item
948 3567 1012 3622 de
1031 3576 1252 3623 secreta.

307 3659 562 3716 Christus
587 3660 930 3716 solitudinem
953 3660 1202 3731 quaesivit
1221 3661 1274 3716 in
1301 3660 1569 3716 oratione.
1603 3661 1819 3729 Quanto

238 3753 414 3822 magis
443 3767 550 3806 non
577 3761 792 3822 oportet
819 3768 1083 3824 quaerere,
1116 3753 1206 3823 qui
1237 3753 1476 3824 undique
1509 3754 1818 3811 circumda-

239 3857 364 3897 mur
408 3842 728 3898 tumultibus
755 3843 1011 3898 vitiorum
1051 3853 1106 3899 et
1132 3844 1522 3899 consuetudine
1549 3845 1814 3900 saculari.

241 3933 387 3990 Utile
418 3950 651 4005 namque
689 3942 775 3990 est
810 3951 1028 3991 omnem
1051 3936 1354 3991 orationem
1398 3935 1689 4005 specialem
1735 3952 1821 3992 sa-

239 4029 522 4084 cerdotum
547 4038 811 4086 secretam
833 4045 971 4094 esse,
1001 4038 1061 4084 ut
1088 4046 1195 4085 non
1221 4031 1520 4101 cogitemus
1549 4032 1820 4098 quomodo

239 4120 452 4190 placeat
479 4137 583 4176 vox
609 4130 664 4176 et
687 4122 1006 4191 compositio
1058 4122 1171 4176 oris
1200 4122 1396 4193 p0pulo
1453 4133 1690 4190 terreno,
1723 4124 1820 4178 sed

241 4213 612 4268 tantummodo
640 4214 937 4284 cogitemus
966 4213 1198 4284 qualiter
1224 4229 1378 4269 mens
1415 4214 1513 4270 soli
1550 4216 1662 4269 Deo
1691 4231 1821 4269 con-

241 4305 446 4369 cordet,
480 4319 640 4375 quem
687 4313 826 4360 orat.
865 4305 948 4360 Ab
983 4305 1074 4362 illo
1097 4305 1216 4362 loco
1250 4306 1341 4360 ubi
1389 4313 1657 4361 secretam
1687 4307 1821 4362 dicit

240 4395 524 4467 episcopus
570 4413 742 4469 usque
771 4399 839 4453 ad
869 4399 1049 4470 Agnus
1095 4399 1224 4463 Dei,
1281 4406 1451 4456 totum
1481 4399 1611 4455 illud
1657 4407 1819 4454 vocat

239 4487 573 4560 Augustinus
597 4491 892 4547 orationes.
1804 4513 1806 4516 '

806 4604 884 4658 De
912 4605 1243 4675 praefatione.

311 4689 561 4746 Prmfatio
613 4706 844 4760 namque
889 4693 1090 4747 dicitur
1115 4693 1269 4764 quasi
1319 4694 1654 4763 przelocutio.
1691 4692 1820 4750 Hrcc

242 4794 475 4851 namque
500 4780 677 4836 oratio
701 4795 820 4850 qua:
853 4779 1098 4850 prmiatio
1121 4782 1319 4835 dicitur
1347 4821 1360 4846 ,
1384 4783 1700 4850 praelocutio
1737 4792 1821 4838 est

244 4871 408 4925 totius
457 4879 720 4926 secutura:
755 4870 1018 4925 orationis
1045 4885 1165 4940 quae
1211 4871 1520 4925 inchoatur.
1556 4869 1627 4925 Te
1656 4871 1818 4942 igitur

242 4963 492 5032 pervenit
519 4977 691 5033 usque
713 4963 781 5017 ad
809 4962 988 5034 Agnus
1024 4964 1138 5019 Dei.
1189 4963 1340 5020 Hanc
1371 4965 1820 5020 consuetudinem

243 5055 359 5111 haec
401 5057 578 5112 oratio
619 5065 768 5112 tenet
817 5073 979 5126 quam
1017 5057 1206 5113 habuit
1250 5057 1425 5113 oratio
1473 5068 1689 5127 patrum
1717 5074 1818 5114 no-

244 5155 500 5214 strorum,
521 5149 612 5219 qui
642 5147 886 5204 solebant
913 5149 1099 5204 laudes
1123 5148 1350 5204 Domino
1383 5147 1589 5204 referre
1615 5150 1668 5204 in
1697 5164 1822 5204 ora-

247 5237 410 5292 tione.
449 5239 527 5293 lta
550 5253 782 5310 namque
832 5239 1023 5294 Daniel
1059 5240 1277 5296 oravit:
1312 5240 1535 5295 Domine
1563 5241 1700 5296 Deus
1727 5259 1821 5296 no-

247 5334 372 5391 ster,
411 5331 500 5398 qui
525 5329 751 5384 eduxisti
789 5330 1040 5401 papulum
1065 5340 1214 5385 tuum
1239 5331 1304 5384 de
1349 5341 1491 5386 terra
1519 5330 1740 5403 Egypti
1765 5334 1821 5387 in

249 5431 407 5470 manu
429 5418 576 5487 forti,
600 5429 647 5473 et
672 5419 841 5490 fecisti
867 5420 959 5474 tibi
991 5437 1178 5476 nomen
1205 5421 1492 5476 secundum
1522 5422 1658 5476 diem
1683 5423 1820 5478 hanc

253 5503 411 5577 (Dan.
441 5510 538 5582 lx).
566 5511 634 5566 Et
657 5512 817 5582 paulo
841 5520 966 5582 post
995 5530 1008 5566 :
1037 5513 1337 5579 Avertatur,
1364 5513 1598 5579 obsecro,
1623 5513 1706 5567 ira
1729 5521 1822 5568 tua

252 5607 297 5650 et
335 5602 484 5670 furor
505 5614 624 5658 tuus
657 5622 688 5658 a
717 5604 923 5659 civitate
952 5613 1064 5672 tua,
1090 5613 1196 5660 etc.
1233 5604 1418 5660 Primo
1448 5621 1684 5677 namque
1708 5605 1824 5660 lau-

255 5691 397 5747 davit
417 5696 701 5752 Dominum
732 5697 786 5752 in
817 5712 880 5753 eo
908 5701 1050 5768 quod
1089 5698 1338 5754 eduxerit
1386 5697 1640 5770 populum
1666 5712 1823 5754 suum

255 5781 318 5835 de
345 5786 601 5842 servitute
625 5788 798 5859 gravi.
826 5788 895 5844 Et
916 5797 1104 5860 postea
1132 5789 1452 5862 deprecatus
1479 5797 1562 5846 est
1586 5791 1654 5847 de
1680 5805 1820 5862 prae-

258 5879 392 5934 senti
431 5880 793 5939 tribulatione.
869 5897 874 5902 ‘

1845 3283 1890 3344 C
1925 3240 2165 3307 Qualiter
2211 3240 2457 3312 quwdam

1917 2034 2213 2104 apostolis:
2254 2032 2356 2088 Hic
2391 2034 2570 2100 Jesus,
2599 2035 2690 2106 qui
2723 2045 3023 2106 assumptus
3071 2046 3147 2092 est
3188 2056 3221 2092 a
3251 2039 3393 2094 vobis
3442 2041 3502 2094 in

1915 2125 2102 2182 caelum
2139 2125 2280 2197 (Act.
2320 2124 2382 2196 ι).
2434 2125 2504 2180 Ει
2535 2125 2760 2195 reliqua.
2800 2126 2942 2194 Quid
2975 2136 3060 2182 est
3112 2143 3386 2198 namque:
3418 2129 3500 2184 Ite

1919 2215 2086 2272 Missa
2109 2225 2204 2280 est,
2255 2214 2428 2270 frater
2477 2216 2570 2281 mi,
2605 2217 2707 2270 nisi
2734 2235 2746 2270 :
2777 2216 2859 2270 Ite
2911 2234 3032 2272 cum
3059 2235 3185 2288 pace
3221 2220 3291 2272 ad
3313 2219 3497 2276 domos

1917 2315 2134 2360 vestras.
2168 2305 2370 2374 Legata
2407 2314 2490 2360 est
2520 2321 2618 2374 pro
2665 2306 2818 2361 vobis
2852 2307 3027 2364 oratio
3072 2308 3140 2363 ad
3188 2309 3498 2375 Dominum,

1918 2403 1974 2450 et
2021 2411 2118 2467 per
2145 2397 2364 2467 angelos
2401 2438 2414 2460 ,
2444 2397 2536 2466 qui
2587 2398 2761 2452 nuntii
2797 2398 3054 2453 dicuntur
3077 2440 3092 2465 ,
3125 2399 3283 2454 allata
3315 2410 3398 2456 est
3444 2401 3498 2456 in

1919 2495 2270 2558 conspectum
2301 2487 2500 2542 divinae
2548 2488 2870 2558 majestatis.
2903 2487 3140 2559 Populus
3186 2491 3497 2560 respondit:

1918 2576 2030 2632 Deo
2075 2579 2293 2649 gratias.
2340 2578 2489 2633 Hanc
2514 2580 2925 2648 responsionem
2971 2579 3304 2650 Augustinus
3341 2590 3502 2636 vocat

1918 2667 2217 2738 gratiarum
2247 2668 2507 2723 actiones.
2553 2668 2666 2724 Hoc
2713 2669 2823 2740 agit
2855 2677 3041 2724 sancta
3065 2669 3307 2724 Ecclesia
3351 2685 3503 2725 more

1919 2758 2241 2830 apostolico,
2270 2759 2363 2830 qui
2399 2769 2555 2814 erant
2608 2761 2898 2816 adorantes
2925 2758 3130 2827 Iesum,
3187 2770 3242 2817 et
3270 2763 3505 2833 regressi

1919 2861 2048 2908 sunt
2095 2851 2488 2924 Jerosolymam
2521 2869 2643 2909 cum
2676 2854 2897 2938 gaudio.
2916 2869 3112 2924 magno
3144 2853 3297 2926 (Luc.
3328 2855 3502 2927 xxnv).

1919 2944 2059 3000 Audi
2087 2945 2318 3015 qualiter
2340 2946 2569 3015 apostoli
2594 2946 2703 3000 Deo
2730 2947 2933 3017 gratias
2957 2944 3204 3001 referant
3228 2987 3243 3012 ,
3275 2954 3331 3001 et
3351 2955 3508 3002 erant

1915 3051 2135 3105 semper
2162 3037 2216 3090 in
2250 3037 2449 3106 templo
2494 3036 2776 3092 laudantes
2804 3045 2862 3091 et
2901 3037 3286 3094 benedicentes
3335 3039 3506 3094 Deum

1920 3128 2014 3198 qui
2044 3127 2178 3182 vivit
2204 3135 2260 3182 et
2287 3137 2478 3199 regnat
2510 3129 2563 3182 in
2593 3127 2788 3183 saecula
2815 3127 3158 3182 saeculorum.
3181 3128 3376 3183 Amen.

2508 3241 2772 3294 orationes
2816 3248 2863 3294 et
2904 3256 3084 3294 cruces
3122 3240 3179 3294 in
3224 3239 3298 3295 Te
3339 3240 3504 3311 igitur

2528 3311 2745 3380 agenda:
2781 3319 2922 3364 sunt.

1994 3401 2065 3456 Te
2084 3403 2266 3472 igitur,
2291 3401 2686 3456 clementissime
2714 3399 2895 3466 Pater,
2917 3419 3011 3474 per
3028 3402 3211 3458 Iesum
3237 3400 3506 3457 Christum

1919 3489 2122 3546 Filium
2137 3502 2308 3559 tuum,
2329 3493 2611 3547 Dominum
2639 3502 2898 3560 nostrum,
2915 3494 3173 3564 supplices
3196 3510 3439 3565 rogamus
3457 3501 3509 3547 et

1919 3587 2143 3656 petimus
2161 3586 2236 3639 uti
2251 3595 2461 3656 accepta
2475 3586 2668 3640 habeas
2683 3596 2730 3639 et
2746 3586 3040 3641 benedicas.
3057 3586 3156 3642 Hic
3172 3587 3346 3657 signat
3364 3585 3509 3642 obla-

1920 3679 2126 3732 tionem
2151 3686 2207 3732 et
2228 3676 2453 3732 calicem
2479 3677 2654 3733 tribus
2682 3677 2914 3743 vicibus,
2941 3693 3047 3732 non
3076 3686 3254 3732 tamen
3278 3678 3380 3733 sub
3400 3693 3510 3732 una

1921 3783 2104 3834 cruce,
2129 3768 2224 3824 sed
2241 3769 2534 3839 separatim
2563 3768 2790 3840 singulis
2812 3767 3054 3840 singulas
3078 3769 3284 3824 faciens
3296 3784 3508 3825 cruces.

1923 3859 2054 3915 Ilwc
2083 3862 2124 3932 1-
2146 3861 2310 3926 dona,
2338 3861 2450 3916 ha'c
2479 3861 2516 3932 ’ᾗ
2548 3879 2785 3927 munera,
2813 3863 2925 3916 ha'c
2950 3862 2990 3932 οξ·
3019 3872 3203 3916 sancta
3239 3861 3508 3931 sacriﬁcia

1921 3951 2146 4006 illibata.
2176 3953 2242 4007 In
2267 3954 2449 4023 primis
2472 3970 2589 4024 qua:
2610 3954 2703 4007 tibi
2729 3955 3000 4022 o/ferimus
3037 3970 3130 4023 pro
3154 3952 3391 4007 Ecclesia
3417 3961 3510 4005 tua

1921 4053 2105 4098 sancta
2127 4041 2421 4108 Catholica,
2445 4061 2603 4114 quam
2617 4043 2920 4114 paci/icore,
2936 4042 3197 4095 custodire
3215 4083 3230 4106 ,
3247 4041 3506 4106 adunare,

1921 4145 1968 4190 et
2004 4151 2176 4205 regere
2203 4135 2432 4204 digneris
2460 4143 2566 4188 toto
2582 4134 2703 4188 orbe
2724 4143 3013 4199 terrarum,
3037 4151 3142 4187 una
3165 4149 3281 4186 cum
3304 4131 3510 4202 famulo

1922 4237 2014 4282 tuo
2063 4245 2201 4299 papa
2233 4236 2411 4281 nostra
2448 4226 2561 4280 illo.
2589 4225 2872 4291 Memento,
2906 4225 3156 4290 Domine,
3186 4224 3512 4295 famulorum

1923 4319 2349 4391 famularumque
2371 4328 2582 4372 tuarum
2627 4317 2840 4371 illorum
2864 4327 2911 4372 et
2942 4317 3158 4371 illarum
3189 4317 3310 4389 (Hic
3334 4316 3510 4371 nomi-

1921 4423 1991 4464 na
2021 4410 2268 4464 vivorum
2299 4416 2671 4463 memorentur
2701 4449 2716 4475 ,
2757 4408 2800 4462 si
2832 4407 3067 4462 volueris
3093 4448 3108 4472 ,
3138 4409 3232 4462 sed
3261 4421 3370 4462 non
3399 4407 3508 4462 Do-

1921 4503 2124 4558 minica
2159 4502 2263 4566 die,
2302 4501 2406 4557 nisi
2453 4501 2665 4556 cmteris
2709 4499 2920 4569 diebus)
2951 4508 3000 4552 et
3029 4498 3259 4552 omnium
3309 4497 3509 4552 circum

1923 4593 2211 4649 astantium
2230 4609 2456 4664 quorum
2479 4591 2571 4645 tibi
2593 4589 2726 4662 ﬁdes
2763 4591 2970 4662 cognita
3013 4598 3088 4643 est
3117 4598 3165 4643 et
3189 4597 3313 4672 nota
3352 4588 3512 4641 devo-

1924 4685 1996 4738 tio
2025 4725 2040 4748 ,
2082 4684 2173 4755 qui
2208 4683 2300 4737 tibi
2347 4683 2574 4750 offerunt
2614 4681 2712 4734 hoc
2759 4680 3080 4747 sacriﬁcium
3114 4677 3287 4730 laudis
3315 4693 3410 4746 pro
3454 4691 3512 4731 se

1924 4777 2135 4845 suisque
2158 4774 2416 4836 omnibus,
2439 4787 2532 4841 pro
2566 4770 2915 4838 redemptione
2941 4769 3241 4822 animarum
3265 4783 3508 4832 suarum,

1924 4883 2020 4936 pro
2056 4879 2144 4934 spe
2193 4862 2380 4916 salutis
2411 4870 2565 4931 atque
2592 4857 2971 4913 incolumitatis
3006 4875 3138 4924 sum,
3169 4858 3363 4928 tibique
3390 4857 3512 4911 red-

1924 4959 2056 5011 dunt
2082 4963 2200 5009 vota
2225 4969 2323 5008 sua
2349 4962 2544 5007 wterno
2566 4951 2675 5005 Deo
2697 4951 2814 5006 vivo
2843 4959 2893 5005 et
2920 4967 3059 5005 vero.
3102 4949 3509 5004 Communican-

1924 5055 1999 5102 tes
2025 5059 2074 5101 et
2092 5045 2401 5100 memoriam
2427 5053 2730 5098 venerantes
2760 5045 2816 5098 in
2837 5043 3021 5114 primis
3042 5041 3285 5112 gloriosa:
3305 5055 3509 5110 semper

1923 5137 2136 5209 virginis
2174 5135 2363 5190 Maria:
2407 5135 2674 5207 genitricis
2719 5133 2817 5188 Dei
2859 5143 2907 5187 et
2933 5133 3147 5187 Domini
3185 5132 3351 5185 nostri
3376 5130 3508 5185 Iesu

1925 5229 2144 5297 Christi,
2195 5228 2286 5284 sed
2325 5239 2374 5285 et
2407 5229 2677 5284 beatorum
2722 5226 3076 5297 apostolorum
3128 5243 3190 5279 ac
3215 5233 3507 5294 martyrum

1923 5332 2134 5376 tuorum
2165 5321 2326 5387 Petri,
2363 5320 2544 5384 Pauli,
2570 5316 2814 5383 Androm,
2850 5315 3060 5381 Jacobi,
3088 5315 3330 5379 Joannis,
3362 5313 3506 5367 Tho-

1923 5431 2045 5481 maz,
2068 5412 2278 5479 Jacobi,
2317 5409 2571 5481 Philippi,
2602 5408 3003 5475 Bartholomazi,
3039 5406 3303 5472 Matthtei,
3330 5405 3504 5462 Simo-

1927 5506 2029 5572 nis,
2051 5514 2098 5560 ct
2132 5503 2356 5568 Tathwi,
2387 5501 2532 5566 Lini,
2564 5498 2744 5570 Cleti,‘
2768 5485 3068 5565 Clementis,
3103 5498 3245 5554 Sixti
3266 5539 3280 5561 ,
3313 5494 3506 5552 Corne-

1925 5600 2006 5665 lii,
2028 5597 2300 5669 Cypriani,
2324 5594 2617 5661 Laurentii,
2642 5595 2984 5666 Chrysogoni,
3001 5593 3225 5647 Joannis
3246 5601 3295 5645 et
3318 5589 3498 5655 Pauli,

1926 5695 2129 5751 Cosma:
2155 5703 2203 5748 et
2225 5692 2496 5747 Damiani.
2527 5691 2584 5747 Si
2619 5690 2782 5745 fuerit
2820 5689 3000 5744 natale
3024 5697 3339 5744 sanctorum
3365 5726 3379 5751 ,
3411 5684 3503 5740 hic

1925 5787 2069 5844 dicat
2099 5805 2109 5840 :
2145 5785 2247 5840 Sed
2286 5793 2335 5840 et
2357 5785 2494 5840 diem
2523 5783 2750 5839 natalitii
2777 5783 2912 5837 beati
2941 5781 3084 5836 illius
3107 5780 3192 5836 vel
3229 5779 3501 5834 beatorum

1928 5880 2138 5937 illorum
2182 5878 2517 5946 celebrantes,
2556 5887 2604 5933 et
2629 5878 2859 5932 omnium
2911 5885 3216 5931 sanctorum
3255 5880 3498 5934 tuorum,
