4000 6506
570 515 700 580 1551
1591 511 1920 570 AMALABII
1954 508 2391 572 PRESBYTER!
2430 505 2769 568 METENSIS
3707 511 3844 568 1.352

562 647 786 703 quorum
827 631 1022 688 meritis
1051 630 1390 708 precibusque
1413 627 1664 684 concedas
1706 638 1760 682 ut
1788 629 1843 683 in
1893 625 2131 680 omnibus
2159 627 2210 687 Α
2233 637 2512 694 precamur
2557 638 2651 692 per
2682 621 2946 674 Christum
2997 619 3281 678 Dominum
3337 633 3614 680 nostrum.
3675 625 3842 681 Nobis

561 724 894 796 protectionis
933 734 1039 778 tute
1068 724 1370 778 muniamur
1395 720 1596 776 auxilio
1620 737 1712 792 per
1732 720 1997 776 Christum
2025 717 2133 770 Do-
2235 731 2437 786 quoque
2459 712 2818 786 peccatoribus
2855 711 3069 781 famulis
3094 714 3198 768 tuis
3227 715 3289 768 de
3305 716 3667 770 multitudine
3684 719 3837 772 mise-

561 814 762 869 minum
813 823 1068 874 nostrum.
1121 814 1217 868 Hic
1265 811 1490 870 inclinat
1523 826 1582 866 se
1611 827 1783 882 usque
1825 811 1894 866 ad
1940 809 2132 874 altare,
2236 805 2499 859 rationum
2537 813 2748 857 tuarum
2786 804 3113 874 sperantibus
3139 815 3337 875 partem
3372 807 3630 878 aliquam
3680 819 3732 861 et
3757 824 3839 863 so-

559 903 748 962 dlcens
779 924 792 960 :
828 904 982 968 Hanc
1019 906 1180 977 igitur
1237 903 1546 962 oblationem
1596 905 1857 959 servitutis
1906 912 2128 970 nostrte,

557 994 650 1051 sed
673 1004 722 1050 et
765 1005 966 1051 cuncta:
1005 994 1222 1067 familite
1263 1004 1366 1050 tua:
1407 1011 1728 1067 quwsumus,
1773 995 1996 1052 Domine
2020 1037 2036 1062 ,
2073 1003 2131 1052 ut

552 1088 796 1162 placatus
831 1090 1076 1161 accipias,
1113 1089 1324 1161 diesque
1352 1100 1557 1144 nostros
1586 1091 1641 1145 in
1665 1099 1756 1143 tua
1796 1106 1924 1160 pace
1949 1089 2127 1160 dispo-

555 1195 676 1248 nas,
700 1190 855 1253 atque
881 1182 945 1236 ab
973 1190 1170 1236 a'terna
1199 1180 1539 1238 damnatione
1583 1198 1678 1235 nos
1713 1181 1846 1252 eripi
1870 1191 1916 1236 et
1948 1182 2002 1238 in
2028 1179 2130 1236 ele-

555 1279 756 1327 ctorum
789 1281 999 1327 tuorum
1023 1273 1212 1344 jubeas
1241 1290 1396 1345 grege
1419 1273 1710 1340 numerari,
1737 1289 1830 1342 per
1858 1269 2129 1328 Christum

551 1362 837 1420 Dominum
889 1376 1143 1420 nostrum.
1201 1366 1297 1421 llic
1347 1365 1510 1437 erigit
1565 1379 1626 1420 se
1675 1381 1913 1432 sursum,
1956 1365 2126 1422 solam

550 1459 786 1517 oblatam
817 1461 908 1518 hic
950 1461 1238 1518 benedicit.
1270 1462 1444 1530 Quam
1468 1461 1784 1518 oblationem
1824 1470 1881 1516 tu
1900 1461 2044 1518 Deus
2070 1464 2127 1518 in

550 1555 794 1612 omnibus
821 1572 1118 1630 quaesumus
1146 1555 1469 1610 benedictum
1490 1555 1531 1626 -ι-
1558 1595 1573 1622 ,
1604 1555 1926 1629 adscriptam
1951 1557 2010 1628 τ’,
2042 1575 2128 1616 κ-

549 1652 658 1698 tam
689 1646 750 1715 1-,
777 1646 1162 1716 rationabilem,
1191 1647 1656 1720 acceptabilemque
1682 1647 1856 1719 facere
1881 1650 2125 1721 dignare,

550 1732 661 1803 (hic
691 1736 879 1794 ambos
912 1737 1111 1809 signat,
1147 1737 1203 1792 id
1236 1746 1339 1804 est,
1366 1738 1692 1794 oblationem
1723 1748 1776 1808 et
1797 1740 2043 1814 calicem)
2068 1752 2126 1798 ut

548 1823 697 1879 nobis
721 1842 909 1900 corpus
929 1827 968 1902 -ι-
995 1835 1045 1882 et
1086 1829 1304 1898 sanguis
1327 1828 1367 1897 -ι-
1407 1828 1501 1900 fiat
1552 1827 1876 1885 dilectissimi
1901 1830 2003 1901 filii
2047 1833 2126 1894 tui

544 1913 760 1970 Domini
786 1919 952 1972 nostri
987 1917 1118 1973 Iesu
1141 1917 1354 1974 Christi.
1395 1918 1500 1984 Qui
1528 1920 1697 1990 pridie
1725 1938 1883 1992 quam
1918 1932 2126 1991 patere-

2231 895 2467 950 cietatem
2497 895 2694 949 donare
2717 894 2948 965 digneris
2972 912 3087 949 cum
3110 897 3213 950 tuis
3251 898 3448 954 sanctis
3492 898 3765 968 apostolis
3786 909 3833 954 et

2230 987 2568 1060 martyribus,
2602 1003 2721 1041 cum
2746 969 2978 1053 Joanne,
3004 987 3292 1060 Stephano,
3320 989 3590 1056 Hatthia,
3622 989 3831 1045 Barna-

2231 1077 2313 1142 ba,
2346 1078 2573 1151 lgnatio,
2604 1079 2925 1147 Alexandro,
2953 1080 3284 1148 Marcellino,
3311 1081 3497 1146 Petro,
3517 1082 3826 1146 Felicitate.

2230 1172 2514 1246 Perpetua,
2542 1174 2761 1246 Agathe,
2796 1174 2981 1240 Lucio,
3012 1176 3178 1247 Agne,
3210 1174 3426 1232 Caecilia
3455 1218 3472 1242 ,
3508 1179 3827 1243 Anastasio,

2228 1275 2276 1320 et
2304 1283 2422 1321 cum
2446 1268 2684 1330 omnibus
2734 1271 2929 1324 sanctis
2960 1269 3064 1324 tuis
3096 1310 3112 1338 ,
3143 1271 3286 1326 intra
3310 1287 3545 1341 quorum
3581 1289 3687 1328 nos
3712 1291 3825 1328 cou-

2228 1358 2448 1412 sortium
2480 1375 2583 1413 non
2609 1361 2900 1414 (estimator
2938 1361 3110 1416 meriti
3139 1401 3155 1426 ,
3192 1362 3284 1416 sed
3312 1363 3477 1417 venite
3514 1380 3823 1434 quem

2227 1447 2449 1522 largitor
2470 1451 2686 1506 admitte
2709 1469 2802 1522 per
2823 1449 3092 1510 Christum
3116 1453 3403 1510 Dominum
3427 1465 3711 1510 nostrum.
3737 1455 3822 1511 llic

2227 1541 2644 1598 archidiaconus
2667 1543 2884 1614 erigens
2906 1560 2965 1606 se
2989 1545 3160 1610 venit,
3189 1553 3246 1602 et
3282 1545 3582 1602 involvens
3604 1546 3820 1603 calicem

2227 1631 2500 1704 mappula,
2541 1631 2685 1690 levat
2732 1633 2884 1692 illum
2917 1643 3111 1692 contra
3157 1635 3414 1696 domuum
3463 1653 3699 1709 papam.
3729 1638 3822 1694 Per

2225 1739 2377 1794 quem
2416 1724 2528 1782 haec
2573 1725 2768 1787 omnia,
2814 1725 3060 1792 Domine,
3104 1743 3304 1798 semper
3330 1729 3473 1784 bona
3521 1746 3704 1788 crus.
3731 1731 3820 1788 Hic

2227 1814 2387 1869 amb’o
2437 1801 2635 1888 signat,
2668 1817 2722 1872 id
2745 1825 2848 1883 est.
2877 1817 3209 1875 oblationem
3245 1828 3301 1874 et
3339 1821 3609 1884 calicem.
3658 1824 3819 1880 tribus

2226 1905 2454 1971 vicibus,
2486 1907 2709 1978 singulis
2735 1909 2975 1980 singulas
2995 1909 3163 1968 facies
3191 1926 3404 1980 cruces,
3427 1915 3748 1984 ιιιιαὶρω
3761 1916 3817 1986 -1ν,

545 2014 634 2058 tur
670 2010 866 2076 accepit
898 2025 1085 2080 panem
1123 2011 1181 2062 in
1223 2019 1434 2063 sanctas
1473 2027 1536 2063 ac
1583 2011 1897 2070 venerabiles
1931 2030 2118 2074 manus

2229 1997 2540 2070 uiuificae-1',
2573 2000 2832 2056 benedicis
2857 2002 2918 2072 +,
2959 2011 3009 2060 et
3055 2012 3275 2072 ρνωααε
3316 2006 3492 2064 nobis.
3528 1983 3639 2066 an:
3691 1983 3818 2062 levat

543 2111 700 2157 suas,
735 2095 944 2150 elevatis
978 2097 1141 2151 oculis
1180 2099 1236 2152 in
1279 2099 1461 2152 cmlum
1506 2101 1576 2156 ad
1621 2110 1669 2156 te
1709 2101 1878 2156 Deum
1904 2100 2118 2162 Patrem

2227 2089 2458 2148 domnus
2477 2103 2613 2166 papa
2634 2091 2938 2152 oblationes
2965 2096 3100 2148 duas
3115 2109 3289 2164 usque
3309 2095 3380 2149 ad
3407 2110 3578 2150 oram
3602 2096 3812 2163 calicis;

545 2201 697 2240 suum
720 2187 1140 2257 omnipotentem,
1174 2189 1268 2250 tibi
1316 2191 1515 2260 gratias
1546 2208 1704 2262 agens
1729 2232 1744 2258 ,
1775 2194 2034 2252 benedixit
2057 2198 2120 2268 τ,

545 2275 722 2348 fregit,
756 2279 899 2332 dedit
929 2279 1202 2352 discipulis
1233 2283 1363 2346 suis,
1389 2283 1566 2340 dicens
1592 2297 1612 2337 :
1650 2283 1883 2356 Accipite
1900 2297 1950 2342 et
1971 2305 2124 2348 matt-

541 2368 732 2424 ducate
780 2387 845 2430 ex
891 2372 989 2425 hoc
1022 2390 1213 2428 omnes.
1255 2372 1369 2428 Hoc
1412 2385 1487 2430 est
1525 2376 1664 2432 enim
1704 2394 1893 2448 corpus
1924 2396 2118 2442 meum.

543 2458 722 2516 Simili
751 2464 904 2518 modo
931 2473 1108 2534 postea
1147 2483 1304 2537 quam
1353 2477 1611 2522 comatum
1637 2478 1712 2523 est
1741 2509 1757 2535 ,
1787 2472 2046 2540 accipiens
2069 2483 2120 2528 et

541 2550 680 2606 hunc
719 2552 1031 2625 praeclarum
1064 2555 1280 2616 calicem
1330 2557 1384 2610 in
1431 2567 1642 2613 sanctas
1692 2575 1755 2614 ac
1800 2561 2120 2620 venerabiles

539 2661 728 2700 manus
777 2664 922 2713 suas,
977 2649 1102 2708 item
1142 2649 1234 2702 tibi
1277 2651 1478 2720 gratias
1509 2668 1668 2722 agens
1699 2691 1714 2718 ,
1749 2652 2074 2725 benedixit-l-
2099 2695 2117 2721 ,

537 2735 678 2790 dedit
704 2737 971 2810 discipulis
998 2740 1108 2794 suis
1133 2781 1147 2808 ,
1177 2741 1356 2796 dicens
1382 2759 1400 2797 :
1423 2741 1650 2814 Accipite
1674 2753 1724 2798 et
1750 2743 1909 2799 bibite
1930 2761 1995 2800 ea:
2017 2745 2120 2802 hoc

539 2843 733 2882 omnes.
765 2827 866 2883 Hic
885 2839 960 2884 est
979 2832 1114 2886 enim
1137 2832 1277 2890 calin:
1289 2834 1561 2905 sanguinis
1586 2835 1686 2888 mei
1709 2833 1849 2891 Novi
1867 2845 1917 2892 et
1935 2837 2121 2892 aeterni

541 2915 877 2988 Testamenti,
924 2923 1226 2994 mysterium
1251 2925 1377 2994 ﬁdei
1402 2965 1416 2990 ,
1464 2926 1554 2995 qui
1592 2941 1687 2996 pro
1735 2925 1876 2982 vobis
1922 2936 1972 2981 et
2020 2944 2119 3000 pro

538 3009 718 3066 multis
762 3012 1063 3082 effundatur
1107 3015 1165 3070 in
1202 3017 1558 3074 remissionem
1595 3027 1948 3087 peccatorum.
1985 3018 2119 3076 Htec

539 3103 942 3175 quotiescunque
987 3105 1247 3178 feceritis,
1295 3108 1352 3169 in
1393 3109 1495 3162 mei
1533 3110 1842 3165 memoriam
1885 3110 2116 3179 facietis.

540 3189 691 3246 Unde
715 3201 765 3246 et
791 3211 1059 3260 memores,
1088 3194 1330 3264 Domine,
1358 3214 1451 3254 nos
1475 3199 1554 3254 tui
1593 3201 1746 3265 servi,
1772 3200 1863 3256 sed
1888 3211 1936 3256 et
1973 3202 2118 3272 plebs

537 3292 628 3336 tua
667 3293 869 3350 sancta,
906 3282 1104 3339 Christi
1125 3283 1256 3340 Filii
1282 3288 1360 3341 tui
1412 3288 1626 3344 Domini
1656 3289 1755 3344 Dei
1781 3292 1947 3346 nostri
1969 3333 1985 3359 ,
2009 3302 2119 3350 tam

537 3375 700 3431 beattv
718 3377 1000 3448 passionis,
1025 3395 1118 3433 nec
1140 3396 1245 3434 non
1281 3389 1329 3435 et
1353 3380 1417 3434 ab
1458 3380 1642 3450 inferis
1695 3384 2115 3452 resurrectionis,

537 3468 626 3521 sed
655 3478 702 3526 et
724 3470 778 3523 in
809 3468 962 3524 caelos
979 3469 1224 3542 gloriosa:
1245 3474 1586 3543 ascensionis,
1609 3476 1879 3546 offerimus
1898 3479 2121 3549 pracla-

537 3577 611 3614 ra:
634 3561 896 3632 majestati
918 3571 1022 3618 tute
1048 3563 1112 3618 de
1152 3565 1255 3626 tuis
1277 3565 1428 3621 donis
1473 3585 1534 3623 ac
1563 3567 1702 3624 datis
1749 3568 1860 3640 (hic
1884 3579 2118 3640 quatuor

538 3653 745 3708 vicibus
781 3653 951 3710 solam
990 3656 1315 3712 oblationem
1347 3658 1544 3730 signat,
1583 3667 1639 3714 et
1674 3659 1727 3715 in
1756 3661 1948 3730 quinta
2000 3663 2118 3718 vice

537 3761 699 3818 super
732 3747 958 3804 calicem
991 3748 1164 3804 solum
1193 3765 1409 3806 crucem
1441 3749 1666 3819 faciens)
1695 3752 1921 3810 hostiam
1947 3755 1986 3826 -ι-
2024 3771 2116 3823 pu-

537 3857 650 3894 ram
677 3880 693 3908 ,
735 3842 959 3896 hostiam
987 3843 1279 3912 fsanctam
1309 3883 1327 3909 ,
1373 3842 1597 3900 hostiam
1627 3843 1666 3916 -ι-
1694 3845 2113 3914 immaculatum,

536 3952 724 4005 panem
749 3937 789 4008 -ι-
809 3944 1050 3990 sanctum
1089 3938 1206 3992 vita:
1235 3947 1444 3992 azternte
1466 3977 1484 4004 ,
1531 3946 1580 3992 et
1625 3937 1842 3993 calicem
1863 3939 1904 4010 -ι-
1925 3939 2115 3998 salutis

536 4036 816 4097 perpetute.
841 4025 1013 4099 Supra
1027 4045 1145 4100 qua:
1164 4029 1390 4101 propitio
1403 4045 1465 4104 ac
1490 4045 1670 4084 sereno
1694 4029 1840 4084 vultu
1860 4031 2116 4102 respicere

537 4116 770 4186 digneris
790 4126 839 4171 et
863 4129 1073 4191 accepta
1088 4119 1278 4175 habere
1301 4121 1456 4182 sicuti
1479 4131 1688 4194 accepta
1713 4120 1902 4177 habere
1921 4122 2116 4194 digna-

537 4214 619 4262 tus
643 4221 696 4260 es
723 4222 941 4262 munera
969 4210 1118 4280 pueri
1147 4211 1224 4264 tui
1242 4209 1375 4280 justi
1413 4209 1562 4277 Abel,
1592 4220 1640 4266 et
1673 4211 1994 4280 sacrificium
2021 4229 2117 4285 pa-

537 4297 780 4352 triarcha:
793 4299 959 4354 nostri
976 4300 1220 4368 Abrahte,
1237 4311 1285 4355 et
1302 4300 1442 4374 quod
1461 4301 1554 4356 tibi
1574 4300 1757 4357 obtulit
1775 4320 2010 4358 summus
2028 4320 2116 4360 sa-

536 4386 717 4443 cerdos
761 4396 882 4444 tuus
914 4389 1291 4452 Melchisedech
1323 4433 1338 4459 ,
1365 4402 1606 4450 sanctum
1645 4395 1986 4464 sacriﬁcium,
2017 4396 2117 4452 im.

533 4477 855 4538 maculatam
874 4479 1122 4536 hostiam.
1153 4481 1254 4538 Hic
1284 4482 1510 4540 inclinat
1536 4499 1596 4542 se
1625 4484 1825 4542 iterum
1850 4485 2010 4558 juxta
2037 4487 2118 4541 alq-

535 4579 677 4642 tare,
699 4573 884 4629 dicens
909 4592 922 4630 :
947 4573 1215 4647 Supplices
1239 4585 1288 4631 te
1310 4594 1574 4648 rogamus,
1599 4581 1924 4650 omnipotens
1947 4579 2110 4636 Deus.

537 4659 638 4717 llic
657 4669 782 4724 orat
805 4663 946 4732 apud
983 4677 1044 4717 se
1079 4665 1222 4733 quod
1259 4665 1510 4722 voluerit.
1539 4668 1744 4724 Deinde
1773 4669 1936 4726 dicit:
1977 4669 2113 4726 lube

534 4753 647 4808 hate
677 4753 900 4826 perferri
939 4769 1033 4824 per
1059 4770 1247 4810 manus
1297 4754 1470 4827 angeli
1495 4758 1571 4812 tui
1608 4759 1663 4814 in
1697 4758 1918 4814 sublime
1943 4760 2114 4816 altare

536 4855 684 4900 tuum
714 4845 767 4900 in
796 4854 1071 4917 conspectu
1097 4845 1290 4908 divina:
1313 4847 1603 4920 majestatis
1633 4857 1756 4904 tute.
1789 4848 1892 4906 Hic
1922 4865 1982 4906 se
2006 4852 2116 4916 eri-

537 4935 634 5012 git,
668 4935 782 4990 haec
815 4936 980 4991 verba
1026 4937 1242 4992 dicens:
1269 4937 1336 4990 Ut
1384 4949 1636 5011 quotquot
1684 4956 1750 4995 ex
1793 4940 1896 4996 hac
1920 4940 2110 4998 altaris

535 5026 934 5100 participatione
963 5038 1355 5084 sacrosanctum
1384 5029 1482 5099 filii
1505 5032 1582 5086 tui
1611 5048 1800 5101 corpus
1820 5041 1869 5086 et
1894 5033 2112 5104 sangui-

537 5133 653 5182 nem
685 5120 1058 5188 sumpserimus
1086 5158 1100 5183 ,
1130 5119 1272 5173 omni
1301 5120 1649 5177 benedictione
1681 5122 1871 5178 ccelesti
1901 5133 1950 5178 et
1986 5141 2112 5195 gua-

485 5244 494 5250 -
537 5211 611 5264 tia
661 5209 954 5279 repleamur
996 5227 1087 5282 per
1115 5208 1383 5266 Christum
1411 5212 1693 5270 Dominum
1725 5224 1980 5270 nostrum.
2013 5216 2112 5274 Hic

536 5302 814 5358 orationes
835 5303 953 5357 dua:
983 5303 1260 5368 dicuntur,
1285 5319 1390 5360 una
1420 5320 1583 5376 super
1608 5307 1869 5378 dyptitios
1898 5307 1970 5380 [F
1974 5318 2109 5376 orte,

538 5391 837 5467 diptycha],
868 5393 1036 5450 altera
1068 5392 1189 5465 post
1240 5395 1525 5452 lectionem
1573 5399 1874 5460 nominum.
1910 5399 1980 5464 Et
2009 5401 2114 5456 hoc

539 5489 868 5559 quotidianis
888 5487 972 5544 Vel
1001 5489 1055 5542 in
1096 5490 1321 5562 agendis
1358 5491 1727 5547 tantummodo
1752 5493 1962 5548 diebus.
1998 5491 2114 5546 Me-

541 5589 710 5634 mento
735 5580 914 5644 etiam,
931 5577 1175 5644 Domine,
1198 5589 1245 5636 et
1270 5595 1451 5636 eorum
1467 5581 1733 5637 nominum
1753 5581 1842 5652 qui
1867 5597 1960 5633 nos
1979 5597 2112 5652 prae

540 5679 800 5722 cesserunt
827 5687 944 5724 cum
971 5670 1117 5742 signo
1135 5669 1257 5739 fidei
1283 5681 1331 5726 et
1360 5671 1626 5730 dormiunt
1652 5672 1707 5726 in
1732 5689 1912 5728 somno
1941 5674 2110 5744 pacis.

542 5759 610 5814 Et
660 5759 971 5816 recitantur.
1028 5763 1229 5818 Deinde
1280 5773 1565 5834 postquam
1615 5765 1843 5821 recitata
1887 5764 2110 5834 fuerint,

544 5849 668 5906 dicit
699 5868 710 5902 :
738 5847 892 5919 Ipsis,
922 5851 1162 5919 Domine,
1187 5864 1232 5906 et
1256 5854 1493 5908 omnibus
1514 5855 1566 5908 in
1582 5854 1788 5910 Christo
1801 5857 2111 5929 quiescenti-

543 5942 634 5997 bus
679 5941 849 6006 locum
880 5942 1153 6012 refrigerii,
1188 5944 1340 6011 lucis,
1377 5956 1424 6000 et
1448 5948 1590 6016 pacis
1621 5957 1674 6000 ut
1699 5947 1971 6020 indulgeas
1999 5948 2106 6019 de-

2146 3341 2194 3408 C

2226 2189 2280 2234 et
2302 2188 2526 2252 tangens
2545 2196 2668 2242 eum
2697 2182 2765 2238 de
2789 2182 3178 2249 oblationibus,
3207 2194 3422 2240 tenente
3447 2186 3625 2242 illum
3653 2188 3811 2242 archi-

2224 2268 2470 2327 diacono.
2503 2271 2609 2328 Per
2637 2275 2806 2345 ipsum
2833 2283 2882 2332 et
2907 2291 3025 2330 cum
3049 2276 3165 2347 ipso
3191 2288 3239 2331 et
3268 2279 3317 2332 in
3337 2278 3449 2348 ipso
3473 2289 3564 2336 est
3589 2281 3698 2334 tibi
3718 2281 3811 2335 Deo

2225 2358 2381 2416 Patri
2427 2365 2766 2435 omnipotenti
2806 2366 2862 2420 in
2916 2367 3115 2422 unitate
3157 2365 3384 2439 Spiritus
3428 2371 3627 2424 sancti
3663 2374 3809 2424 omnis

2222 2454 2391 2509 honor
2416 2466 2462 2510 et
2494 2456 2684 2528 gloria.
2714 2458 2863 2514 Tunc
2890 2459 3022 2514 dicit
3047 2460 3103 2514 in
3129 2460 3296 2516 altum
3322 2479 3335 2515 :
3376 2461 3488 2516 Per
3521 2465 3810 2520 omnisse-

2225 2546 2348 2604 cula
2401 2548 2741 2609 swculorum.
2773 2549 3162 2620 Respondent:
3193 2553 3379 2610 Amen.
3411 2553 3581 2609 Tunc
3616 2556 3809 2626 reponit

2222 2638 2596 2698 oblationesin
2619 2640 2808 2706 altare,
2835 2650 2890 2696 et
2909 2642 3042 2698 dicit
3069 2642 3124 2698 in
3149 2643 3339 2700 altum.
3372 2642 3633 2702 Oremus.
3665 2646 3808 2704 Dein-

2226 2731 2293 2785 de
2322 2730 2452 2786 dicit
2483 2750 2494 2786 :
2531 2731 2816 2803 Prwceptis
2837 2731 3159 2790 salutaribus
3197 2737 3382 2791 moniti
3412 2777 3428 2803 ,
3457 2748 3512 2791 et
3543 2739 3808 2794 divinois-

2223 2821 2493 2876 stitutione
2523 2822 2758 2892 formati,
2790 2824 3046 2882 audemus
3075 2825 3268 2892 dicere,
3302 2826 3470 2882 Pater
3505 2840 3686 2884 noster
3727 2830 3804 2900 qui

2223 2926 2277 2964 es
2299 2912 2353 2966 in
2379 2911 2542 2978 caelis,
2562 2913 2922 2986 sanctiﬁcetur
2940 2932 3128 2974 nomen
3152 2925 3322 2982 tuum,
3338 2918 3621 2974 adveniat.
3639 2920 3803 2990 Usque

2224 3002 2388 3059 libera
2418 3023 2511 3062 nos
2532 3024 2564 3060 a
2602 3007 2763 3062 malo.
2805 3008 2956 3066 Tunc
2979 3008 3112 3064 dicit
3131 3009 3368 3068 domnus
3391 3027 3564 3082 papa,
3587 3014 3800 3069 intene-

2224 3096 2407 3154 niente
2435 3099 2582 3156 nullo
2603 3114 2760 3166 sono,
2777 3100 2920 3164 hanc
2950 3102 3249 3162 orationem
3278 3120 3292 3160 ;
3322 3101 3522 3159 Libera
3543 3121 3659 3170 nos,
3678 3120 3800 3176 qla-

2224 3206 2429 3257 sumus,
2460 3190 2702 3260 Domine,
2720 3192 2785 3248 ab
2815 3194 3054 3252 omnibus
3080 3193 3235 3254 malis
3255 3197 3570 3266 prieteritis,
3585 3213 3799 3267 presen-

2225 3281 2363 3336 tibus
2388 3291 2438 3344 et
2461 3282 2678 3352 futuris,
2699 3293 2746 3344 et
2776 3284 3122 3346 intercedente
3145 3287 3298 3346 beata
3333 3298 3388 3346 et
3416 3290 3636 3359 gloriosa
3663 3306 3800 3344 seu»

2221 3389 2316 3445 per
2361 3373 2557 3444 virgine
2582 3373 2681 3430 Dei
2732 3375 2978 3448 genitrice
3017 3375 3194 3434 Maria
3224 3388 3273 3432 et
3319 3380 3528 3438 sanctis
3564 3381 3794 3450 apostolis

2223 3465 2328 3518 tuis
2358 3461 2516 3520 Petro
2538 3474 2585 3520 et
2609 3465 2782 3526 Paulo
2807 3477 2962 3540 atque
2988 3469 3222 3536 Andrea,
3248 3479 3299 3524 et
3321 3482 3513 3528 sancto
3545 3470 3790 3542 Stephano

2221 3564 2603 3626 protomartyre
2632 3566 2746 3622 tuo,
2776 3567 2821 3611 et
2855 3559 3017 3612 beatis
3035 3559 3424 3628 confessoribus
3453 3561 3790 3632 tuisﬂilen'o,

2225 3643 2482 3711 Martino,
2517 3657 2673 3717 atque
2717 3645 3001 3710 Benedicto
3021 3691 3037 3715 ,
3067 3651 3180 3720 (hic
3209 3652 3462 3706 nominat
3505 3654 3688 3722 quales
3713 3670 3793 3708 ro-

2222 3735 2385 3798 luerit
2406 3746 2625 3794 sanctos
2639 3738 2722 3792 vel
2735 3748 2965 3810 quantos
2987 3743 3402 3809 commemorat)
3429 3759 3557 3797 eum
3578 3745 3792 3798 ous-itu

2221 3829 2440 3894 sanctis,
2485 3829 2554 3883 da
2580 3831 2835 3901 propitius
2870 3848 3050 3902 pacem
3071 3833 3128 3890 in
3150 3833 3333 3888 diebus
3365 3838 3576 3890 nostris
3603 3878 3619 3902 ,
3643 3847 3693 3890 ut
3713 3852 3792 3906 ope

2222 3920 2595 3976 misericordia:
2640 3931 2745 3976 tua:
2774 3921 2963 3991 adjuti,
2997 3931 3045 3980 et
3071 3941 3104 3982 α
3164 3934 3376 3994 peccato
3409 3926 3588 3981 simus
3615 3941 3790 3994 semper

2223 4008 2395 4076 liberi,
2434 4020 2482 4066 et
2514 4010 2580 4066 ab
2612 4013 2753 4068 omni
2776 4013 3165 4082 perturbatione
3192 4017 3362 4070 securi
3401 4034 3499 4085 per
3525 4017 3790 4072 bonum

2223 4109 2458 4156 nostrum
2481 4100 2662 4160 Iesum
2693 4102 2958 4160 Christum
2988 4103 3189 4162 Filium
3211 4116 3380 4164 tuum.
3419 4109 3636 4165 Deinde
3649 4110 3787 4164 dicit:

2223 4188 2346 4246 Paa;
2370 4191 2582 4248 Domini
2606 4194 2768 4248 nostri
2793 4194 2921 4252 Jesu
2943 4193 3139 4252 Christi
3180 4199 3248 4254 sit
3289 4215 3501 4270 semper
3527 4203 3788 4256 uobiscum.

2222 4281 2595 4354 Respondent,
2624 4293 2817 4344 etcum
2861 4286 3052 4355 spiritu
3083 4296 3194 4342 tuo.
3241 4287 3451 4344 Deinde
3479 4290 3576 4346 dat
3625 4307 3789 4361 paces

2223 4375 2417 4434 altario
2441 4376 2526 4431 vel
2570 4385 2800 4448 patente.
2839 4377 2906 4432 Et
2939 4378 3018 4434 sic
3051 4379 3280 4448 populus
3307 4380 3401 4434 dat
3445 4381 3556 4440 sibi
3597 4396 3786 4452 paean.

2222 4471 2501 4528 Dumvero
2526 4469 2757 4530 domnus
2787 4485 2926 4542 papa
2938 4471 3104 4528 dicit:
3132 4469 3254 4532 Paa;
3271 4471 3489 4535 Donasti
3510 4475 3583 4530 sit
3609 4489 3792 4541 semper

2223 4565 2482 4618 vobiscum
2508 4604 2523 4629 ,
2556 4580 2664 4619 non
2691 4565 2859 4620 mittit
2905 4575 3118 4636 partem
3166 4577 3410 4631 sanatam
3455 4571 3506 4625 ll
3547 4569 3790 4634 concern,

2223 4657 2362 4711 sicut
2381 4658 2594 4712 cteteris
2624 4660 3002 4716 sacerdotibus
3027 4677 3147 4726 mos
3177 4671 3261 4718 est
3286 4663 3417 4718 dum
3435 4663 3788 4736 confringant,

2220 4755 2275 4804 et
2301 4751 2479 4820 Agnus
2517 4750 2615 4804 Dei
2645 4751 2849 4808 dicunt.
2898 4752 2964 4808 Et
2988 4752 3202 4828 expleta
3253 4754 3630 4818 contractione
3655 4771 3788 4811 cout-

2218 4842 2463 4906 municat
2499 4844 2728 4900 domnus
2768 4845 3096 4915 apostolicus
3121 4886 3136 4911 ,
3163 4855 3379 4922 partem
3427 4849 3532 4904 sibi
3575 4850 3791 4912 mordet,

2218 4941 2273 5000 et
2309 4933 2574 5008 reliquam
2605 4935 2659 4990 in
2693 4934 2916 4992 calicem
2949 4936 3132 5002 mittit,
3169 4935 3374 4994 iaciens
3397 4953 3625 4994 crucem
3650 4941 3714 4994 de
3738 4953 3794 4996 ea

2217 5023 2393 5080 tribus
2422 5025 2628 5080 vicibus
2644 5040 2807 5095 super
2824 5027 3053 5084 calicem
3080 5027 3215 5088 nihil
3241 5027 3465 5094 dicens;
3495 5038 3550 5084 et
3580 5031 3663 5086 sic
3683 5045 3797 5084 con-

2215 5115 2396 5170 ﬁrmat
2411 5115 2476 5170 de
2487 5115 2678 5183 calice,
2692 5127 2908 5174 tenente
2921 5118 3143 5174 calicem
3158 5118 3560 5180 archidiacouo.
3581 5119 3796 5188 Quando

2216 5223 2346 5263 vero
2375 5210 2604 5267 domnus
2643 5212 2972 5283 apostolicus
3003 5213 3284 5268 descendit
3301 5211 3369 5267 ab
3395 5211 3586 5281 altari,
3616 5213 3797 5282 incipit

2217 5303 2620 5358 communicare
2666 5304 2914 5376 populus.
2971 5304 3179 5362 Dicitur
3205 5302 3519 5374 Antiphona
3559 5306 3633 5358 ad
3659 5319 3797 5360 com-

2218 5393 2574 5462 munionem;
2627 5404 2684 5449 et
2711 5395 2922 5466 expleta
2964 5395 3346 5450 communione
3380 5403 3434 5449 et
3477 5396 3795 5466 antipbona,

2217 5495 2332 5544 tum
2363 5486 2535 5557 surgit
2583 5487 2812 5542 domnus
2841 5501 2978 5558 papa
3003 5526 3019 5552 ,
3055 5495 3110 5542 et
3137 5485 3362 5542 veniens
3390 5485 3460 5540 ad
3505 5485 3684 5540 altare
3711 5500 3788 5538 sa—

2215 5577 2354 5634 lutat
2379 5577 2560 5642 altius,
2580 5577 2767 5634 dicens
2795 5595 2808 5631 :
2829 5577 3086 5632 Dominus
3110 5576 3392 5632 vobiscum.
3425 5575 3796 5646 Respondent.

2217 5681 2408 5725 etcum
2434 5670 2623 5742 spiritu
2654 5679 2764 5732 tua.
2797 5669 3002 5734 Deinde
3027 5668 3120 5726 dat
3139 5669 3444 5724 orationem
3478 5686 3493 5721 :
3525 5667 3684 5733 Quod
3714 5682 3797 5720 ore

2215 5761 2551 5830 sumpsimus,
2581 5759 2822 5827 Domine,
2854 5771 3020 5815 mente
3067 5761 3334 5832 capiamus
3353 5799 3370 5826 ,
3424 5769 3472 5814 et
3495 5759 3560 5812 de
3583 5772 3797 5812 munere

2214 5852 2487 5926 temporali
2503 5853 2596 5924 ﬁat
2630 5852 2774 5908 nobis
2808 5852 3093 5910 remedium
3134 5851 3512 5924 sempiternum
3563 5867 3662 5920 per
3690 5848 3766 5902 Do

2213 5946 2414 6000 minum
2439 5953 2673 6000 nostrum
2693 5942 2878 5998 Jesum
2903 5940 3186 5997 Christum.
