4000 6546
330 398 482 456 1553

1768 373 2148 438 ΕΡΙΒΤΟΙΛΕ.

3476 364 3615 423 1554

343 504 3617 574 Μακέται-εξ

945 674 1946 804 SYMPEOSII

2065 669 2562 790 Milli:
2574 667 2994 788 anu

1418 967 1549 988 κ-
1588 905 2370 1028 EPISTOLIE.

927 1121 1093 1190 (Apud
1113 1118 1401 1182 Acherium,
1425 1113 1682 1180 Spicilegii
1705 1115 1838 1168 temo
1858 1109 1951 1174 lII,
1974 1120 2087 1174 pag.
2112 1108 2225 1170 350,
2251 1114 2306 1159 et
2328 1118 2395 1160 ex
2417 1103 2629 1164 Iarten.
2652 1103 2817 1171 Ampl.
2841 1104 3076 1173 Colleot.)

831 1327 1172 1389 EPlSTOLA
1206 1321 1442 1380 PRIMA.

339 1444 609 1494 AIALABI'I
657 1442 726 1484 AD
775 1438 1042 1482 JEBEIlAI
1093 1427 1432 1476 SBNONENSEI
1483 1421 1937 1468 ARCIIEPISCOPUM

904 1512 971 1551 ΒΕ
1011 1507 1212 1549 κοιιιαε
1249 1503 1390 1545 JESU.

419 1598 740 1658 Clarissimo
767 1592 920 1649 Patri
971 1598 1029 1646 et
1074 1584 1396 1643 acutissimo
1434 1577 1644 1635 rhetori
1691 1572 1941 1630 Jeremiae

341 1696 463 1749 vati
493 1695 548 1748 in
579 1699 766 1746 nostra
793 1683 1094 1743 Jerusalem
1117 1676 1444 1734 Amalarius.

421 1788 690 1844 Scribunt
720 1778 1024 1838 Salvatoris
1057 1773 1234 1832 nostri
1265 1770 1393 1826 Jesu
1433 1780 1633 1822 nomen
1661 1776 1759 1834 per
1793 1760 1942 1831 aspi-

345 1885 647 1948 rationem,
697 1876 852 1947 cujus
902 1873 1130 1930 rationis
1183 1885 1380 1940 expers
1428 1880 1569 1922 sum.
1627 1861 1754 1917 Seio
1792 1858 1947 1914 vobis

345 1977 602 2047 ignotum
629 1985 737 2025 non
765 1982 910 2031 esse,
945 1964 992 2019 si
1021 1963 1252 2030 alicujus
1278 1956 1504 2013 rationis
1535 1967 1702 2009 causa
1722 1958 1944 2020 postpo-

345 2042 520 2122 natur
543 2069 663 2134 post
689 2060 711 2114 Ι
736 2056 996 2128 aspiratio
1023 2055 1076 2108 in
1102 2066 1300 2107 nomen
1336 2048 1476 2112 lesu,
1503 2059 1665 2115 quam
1697 2042 1947 2096 intimate

347 2158 469 2214 ﬁlio
496 2131 677 2212 vestro
699 2152 744 2207 si
759 2149 916 2205 adsit.
935 2145 1062 2201 Scio
1081 2144 1128 2199 si
1149 2150 1253 2207 est,
1276 2138 1465 2195 adfore
1491 2138 1546 2191 in
1570 2131 1946 2206 promptuario

347 2249 559 2308 mentis
587 2254 786 2302 vestra:
821 2240 966 2312 quod
996 2237 1129 2293 ﬂuat
1165 2236 1233 2290 ad
1262 2247 1371 2288 me.
1399 2232 1707 2298 Antequam
1758 2237 1948 2294 perge-

348 2353 444 2400 ret
469 2342 702 2396 domnus
735 2333 961 2390 Carolus
999 2329 1228 2384 Romam
1274 2322 1591 2385 novissime,
1633 2317 1814 2373 audivi
1863 2328 1950 2368 sa-

351 2432 610 2490 cerdotes
641 2427 831 2484 Galliae
873 2429 1075 2479 nostra
1109 2430 1309 2474 sonare
1357 2413 1536 2477 Gisus,
1589 2409 1735 2481 quod
1772 2422 1951 2477 neque

351 2542 488 2584 cum
507 2521 750 2579 Hebraeis
775 2532 955 2588 neque
977 2529 1100 2570 cum
1121 2509 1326 2567 Graecis
1351 2502 1726 2562 conveniebat.
1752 2500 1834 2554 Ab
1857 2499 1951 2556 illo

352 2628 606 2689 tempore
636 2613 796 2669 audio
825 2611 1076 2674 Iesus,ut
1101 2604 1324 2675 opinor,
1357 2599 1503 2669 quod
1531 2595 1785 2651 convenit
1826 2607 1951 2647 cum

1960 1320 2015 1380 Α
2041 1315 2204 1372 modo
2233 1314 2593 1387 intelligerem
2646 1314 2790 1386 quod
2828 1315 3096 1386 scriptum
3145 1324 3229 1375 est
3263 1316 3321 1375 in
3348 1317 3637 1379 Dominica

2049 1408 2432 1463 institutione:
2465 1406 2568 1461 Hic
2602 1417 2677 1463 est
2713 1407 2854 1462 calix
2890 1411 3165 1482 sanguinis
3193 1411 3334 1466 Novi
3364 1423 3415 1468 et
3453 1417 3640 1471 wterni

2050 1499 2393 1565 Testamenti,
2431 1501 2737 1570 mysterium
2772 1500 2917 1568 ﬁdei.
2944 1502 3080 1569 Quia
3111 1504 3354 1575 comperi
3381 1521 3480 1561 vos
3498 1506 3642 1564 velle

2047 1594 2192 1648 scire
2241 1591 2515 1662 quomodo
2562 1591 2923 1664 intelligerem
2961 1593 3093 1650 illud
3116 1636 3130 1662 ,
3165 1595 3394 1668 ideoque
3423 1600 3643 1670 scriptis

2046 1686 2240 1759 paucis
2285 1685 2486 1740 litteris
2513 1685 2708 1742 intimo
2751 1689 3022 1756 quomodo
3067 1690 3318 1745 sentiam.
3345 1690 3472 1748 Fuit
3495 1695 3646 1749 enim

2050 1779 2193 1834 calix
2230 1777 2448 1834 Veteris
2469 1777 2807 1834 Testamenti
2839 1781 2904 1836 de
2937 1781 3127 1852 quoin
3154 1781 3343 1838 Exodo
3379 1785 3645 1855 scriptum

2049 1878 2155 1936 est,
2186 1885 2304 1941 cap.
2342 1886 2510 1925 XCVIII
2549 1889 2562 1924 :
2594 1869 2736 1924 Tulit
2759 1872 2935 1943 itaque
2962 1871 3170 1943 Moyses
3215 1873 3491 1930 dimidiam
3520 1893 3648 1947 par-

2050 1972 2154 2017 tem
2188 1964 2484 2034 sanguinis,
2515 1971 2563 2015 et
2610 1963 2753 2016 misit
2802 1964 2860 2017 in
2907 1974 3142 2019 crateras
3177 1973 3419 2035 :partem
3469 1975 3650 2020 autem

2051 2057 2319 2111 residuam
2345 2055 2481 2125 fudit
2506 2071 2663 2124 super
2683 2053 2852 2109 altare
2881 2055 3079 2127 (Exod.
3105 2072 3254 2122 xx1v,
3285 2056 3362 2128 6).
3392 2057 3460 2112 Et
3482 2057 3648 2128 paulo

2049 2155 2177 2219 post
2205 2165 2220 2200 :
2250 2145 2354 2200 Hic
2379 2155 2475 2212 est,
2509 2146 2708 2216 inquit,
2756 2149 2974 2218 sanguis
3023 2147 3234 2218 {aderis
3266 2149 3408 2220 quod
3453 2149 3651 2222 pepigit

2051 2237 2309 2291 Dominus
2363 2237 2628 2291 uobiscum
2692 2254 2850 2308 super
2928 2240 3130 2294 cunctis
3176 2241 3506 2295 sermonibus
3560 2241 3650 2295 bis

2057 2330 2211 2402 (Luc.
2262 2347 2398 2396 χχιι,
2441 2331 2550 2401 l7).
2581 2329 2738 2385 Hunc
2782 2329 3008 2386 calicem
3041 2331 3442 2386 consummavit
3468 2331 3655 2387 Domi-

2054 2438 2162 2477 nus
2195 2422 2252 2476 in
2279 2436 2435 2477 coena
2471 2437 2568 2478 sua
2613 2423 2910 2478 secundum
2967 2421 3172 2476 Lucam
3220 2422 3493 2478 dicentem
3525 2441 3540 2476 :
3580 2422 3656 2478 Et

2057 2523 2268 2586 accepto
2315 2513 2482 2570 calice
2520 2515 2721 2586 gratias
2767 2516 2869 2586 egit
2895 2523 2943 2568 et
2970 2513 3106 2568 dixit
3135 2527 3153 2566 :
3181 2513 3416 2587 Accipite
3441 2524 3493 2570 et
3521 2515 3658 2570 divi-

2061 2605 2170 2660 dite
2196 2607 2333 2661 inter
2359 2623 2468 2660 vos.
2502 2605 2634 2662 Dico
2680 2607 2819 2661 enim
2848 2607 2992 2660 vobis
3041 2605 3182 2677 quod
3229 2623 3334 2661 non
3377 2607 3552 2662 bibam
3591 2607 3660 2661 de

355 2712 624 2776 Hebraeis,
650 2720 883 2779 quorum
910 2702 1062 2759 ducis
1100 2711 1296 2754 nomen
1335 2692 1608 2764 legitimus
1642 2689 1810 2742 lesus.
1849 2684 1953 2752 Qui

2065 2701 2397 2773 generatione
2424 2700 2563 2766 vitis,
2592 2698 2758 2755 donec
2789 2717 3006 2771 regnum
3037 2699 3136 2754 Dei
3158 2701 3349 2754 veniat.
3378 2698 3529 2756 Calix
3552 2698 3662 2756 Ve-

352 2808 514 2863 lesus
540 2802 763 2858 nomine
808 2813 907 2855 suo
933 2791 1320 2863 nraeﬁgurabat
1345 2793 1595 2842 nostrum
1624 2781 1802 2837 lesum
1825 2819 1840 2844 ,
1893 2784 1952 2831 ut

359 2896 620 2954 Sedulius
649 2911 663 2948 :

490 3039 505 3055 .
535 3040 549 3055 .
575 3041 589 3054 .
618 3040 629 3051 .
659 3001 763 3051 Jam
791 3006 904 3050 tunc
921 2994 1144 3045 famulata
1163 2988 1396 3055 videbant

489 3044 952 3118 siahia'iéhiaid
979 3056 1235 3121 praemisso
1252 3051 1451 3102 nomine
1477 3044 1670 3096 Jesum.

434 3170 572 3225 Nam
589 3167 761 3224 Graeci
789 3166 874 3220 his
893 3162 1039 3218 notis
1061 3158 1102 3213 1.
1117 3157 1178 3213 C.
1197 3153 1549 3212 conscribunt
1575 3147 1704 3204 illud
1721 3159 1952 3211 nomen;

362 3272 423 3318 et
454 3264 639 3331 legunt
669 3265 898 3315 ωροτε.
931 3253 1083 3309 Unde
1122 3249 1256 3304 mihi
1296 3248 1544 3308 videtur,
1575 3243 1621 3296 si
1650 3250 1833 3294 tamen
1863 3253 1957 3292 vo-

366 3356 457 3409 bis
481 3367 588 3406 non
625 3351 792 3412 alias,
827 3354 1082 3416 oportere
1122 3340 1288 3396 scribi
1337 3352 1436 3407 per
1461 3335 1482 3389 1
1509 3343 1563 3388 et
1593 3333 1637 3386 ll
1664 3342 1718 3385 et
1750 3331 1812 3396 C,
1842 3331 1958 3384 sive

371 3445 438 3511 S,
474 3442 616 3514 quod
661 3441 889 3511 legimus
934 3436 1141 3490 lhesus.
1178 3430 1385 3498 Quibus
1424 3426 1571 3481 notis
1597 3429 1958 3478 memoratum

373 3551 576 3593 nomen
601 3533 840 3589 scribere
866 3528 1114 3590 debeam,
1145 3537 1243 3578 oro
1275 3530 1335 3575 ut
1360 3516 1650 3573 mandetis.

939 3634 1275 3693 EPISTOLA
1311 3633 1374 3688 11.

797 3747 1037 3790 JEREIIUE
1077 3746 1147 3786 AD
1183 3738 1516 3784 ΑΜΑιΑΒιωΙ.

445 3827 778 3901 Porphyrius
804 3824 1161 3898 philosophus
1189 3835 1388 3876 nomen
1425 3818 1544 3872 IESU
1571 3816 1626 3870 in
1657 3813 1961 3868 auacrosti-

374 3926 478 3981 cha
516 3938 610 3978 sua
639 3920 829 3974 Latine
863 3916 1054 3973 scribit
1091 3915 1194 3968 hoc
1240 3910 1402 3965 modo
1427 3908 1644 3971 Iussus,
1677 3920 1836 3974 quem
1867 3920 1965 3959 no-

374 4017 555 4071 vimus
603 4012 884 4081 utriusque
935 4007 1134 4077 lingua:
1165 4000 1558 4073 peritissimum
1586 3995 1754 4050 fuisse
1786 4034 1800 4059 ,
1831 4008 1964 4047 usus

376 4108 630 4164 videlicet
659 4106 733 4159 ita
765 4103 953 4159 Graeca
981 4098 1165 4152 littera
1193 4108 1292 4164 pro
1320 4091 1366 4146 il
1397 4090 1579 4160 longa,
1607 4102 1768 4158 quam
1792 4084 1966 4139 Graeci

380 4201 436 4256 in
460 4201 638 4272 lingua
665 4195 882 4270 propria
908 4207 1007 4264 pro
1039 4190 1061 4245 1
1091 4191 1250 4260 longa
1288 4201 1503 4255 semper
1536 4189 1750 4240 sonant.
1786 4181 1967 4235 Latini

378 4307 510 4349 vero
543 4271 641 4363 pro
677 4289 720 4344 E
763 4289 940 4357 longa.
973 4285 1093 4338 Alia
1131 4296 1260 4336 vero
1297 4278 1508 4333 ratione
1560 4275 1836 4330 imitantes
1861 4271 1966 4327 He-

379 4387 556 4441 braeos
606 4381 779 4438 lesum
825 4377 1260 4451 pronuntiamus,
1301 4385 1408 4426 non
1432 4383 1532 4440 per
1554 4366 1963 4439 aspirationem,

381 4479 477 4534 sed
499 4492 599 4552 per
621 4475 667 4530 Η
693 4472 939 4530 Grzecum
971 4469 1292 4525 scribentes.

935 4580 1263 4640 EPISTOLA
1306 4579 1392 4635 111.

691 4694 948 4734 Διιειιλιιιι
984 4693 1052 4731 AD
1089 4690 1257 4732 JONAﬂ
1298 4684 1612 4730 EPISCOPUII.

455 4793 619 4849 Pater
641 4790 887 4848 intimate
938 4795 1087 4852 nato,
1128 4785 1325 4855 quibus
1363 4784 1505 4838 notis
1561 4780 1789 4836 inferius
1833 4779 1970 4856 ﬁgu-

387 4900 522 4957 ratis
565 4899 768 4955 rectius
811 4895 1060 4952 videatur
1107 4892 1263 4946 vobis
1298 4889 1446 4960 pingi
1478 4901 1677 4943 nomen
1706 4886 1825 4940 Iesu
1857 4857 1969 4939 IliC

389 5023 460 5062 an
498 4989 631 5061 Itis.

459 5097 533 5154 At
560 5098 669 5163 ille,
698 5095 893 5166 inquit,
921 5090 1128 5148 sicutX
1155 5098 1211 5146 et
1244 5088 1286 5142 P
1314 5086 1519 5144 Graecis
1549 5084 1763 5147 litteris,
1790 5090 1846 5135 et
1871 5079 1976 5134 alia

393 5191 756 5264 qualicunque
781 5188 976 5243 Latina
1001 5183 1346 5241 convenienti
1379 5178 1750 5252 superioribus
1779 5174 1972 5230 scribi-

396 5298 486 5342 tur
506 5299 701 5340 nomen
724 5281 949 5348 Christi,
995 5280 1071 5334 ita
1092 5277 1114 5332 1
1139 5285 1194 5334 et
1223 5275 1268 5332 H
1297 5274 1476 5331 addita
1497 5269 1841 5328 convenienti
1868 5268 1974 5323 La-

396 5394 512 5448 tina
545 5389 800 5448 scribitur
818 5381 949 5443 (HS.

967 5476 1302 5534 EPISTOLA
1333 5474 1420 5531 IV.

638 5589 894 5630 AIALABH
929 5589 997 5629 AD
1037 5583 1384 5627 RANTGARIUI
1423 5578 1735 5621 EPISCOPUH.

470 5668 776 5725 Amalarius
806 5666 1099 5737 Rantgario
1135 5664 1390 5734 episcopo
1425 5655 1875 5716 reverendissimo
1904 5655 1980 5708 ci-

403 5761 586 5818 vitatis
607 5759 997 5817 Noviomensis.

456 5855 672 5913 Memini
695 5870 782 5911 me
802 5854 1194 5923 interrogatum
1221 5867 1250 5906 a
1280 5856 1461 5906 vestra
1489 5847 1819 5918 paternitate
1848 5858 1982 5915 quo-

2060 2793 2196 2848 teris
2239 2791 2602 2857 Testamenti,
2645 2792 2911 2862 sanguine
2959 2790 3278 2846 animalium
3307 2789 3666 2847 irrationabi—

2062 2883 2195 2939 lium
2254 2883 2615 2939 redundabat.
2663 2882 2759 2938 Ille
2808 2884 3030 2956 sanguis
3060 2883 3232 2956 ﬁgura
3259 2882 3364 2939 fuit
3392 2883 3509 2940 veri
3531 2899 3660 2939 san-

2065 2976 2242 3047 guinis
2267 2975 2491 3032 Christi.
2515 2975 2687 3043 Quem
2707 2975 2956 3045 calicem,
2989 2977 3168 3044 idest,
3199 2978 3256 3032 in
3282 2993 3391 3049 quo
3418 2977 3664 3034 bibimus

2062 3068 2387 3137 sanguinem
2417 3066 2645 3134 Christi,
2676 3067 2913 3122 initiavit
2952 3069 3111 3123 nobis
3141 3068 3258 3140 ipse
3277 3069 3334 3123 in
3359 3077 3667 3126 memorata

2063 3174 2220 3214 coena
2243 3167 2368 3229 post
2391 3166 2826 3214 consummatum
2851 3160 3090 3230 priorem
3125 3159 3374 3228 calicem,
3419 3170 3482 3217 ut
3517 3163 3668 3219 idem

2063 3250 2240 3305 Lucas
2274 3259 2545 3305 memorat
2569 3251 2623 3304 in
2654 3252 3009 3319 sequentibus
3040 3269 3052 3304 :
3083 3249 3340 3306 Similiter
3368 3261 3418 3306 et
3446 3253 3669 3308 calicem

2063 3350 2340 3412 postquam
2369 3342 2609 3407 ccenauit,
2637 3342 2854 3396 dicens:
2893 3341 2998 3397 Hic
3031 3351 3108 3397 est
3133 3343 3274 3398 calix
3301 3343 3441 3399 Novi
3483 3344 3668 3400 Testa-

2065 3433 2228 3486 menti
2295 3433 2350 3485 in
2403 3433 2659 3503 sanguine
2698 3449 2852 3498 meo,
2905 3433 2997 3502 qui
3052 3450 3148 3503 pro
3211 3434 3354 3488 vobis
3412 3435 3669 3505 fundetur

2068 3521 2224 3594 (Luc.
2252 3520 2368 3591 xx).
2389 3521 2489 3577 llic
2514 3521 2654 3576 calix
2683 3530 2766 3576 est
2793 3522 2847 3576 in
2870 3521 3042 3594 ﬁgura
3067 3525 3312 3595 corporis
3334 3526 3461 3592 mei,
3479 3527 3533 3582 in
3556 3542 3668 3600 quo

2066 3623 2151 3672 est
2193 3615 2416 3686 sanguis
2445 3615 2538 3685 qui
2568 3615 2811 3669 manabit
2849 3616 2915 3670 de
2944 3615 3114 3671 latere
3137 3632 3258 3673 meo
3285 3618 3354 3673 ad
3382 3619 3661 3690 complen-

2068 3706 2193 3761 dam
2220 3708 2396 3778 legem
2425 3715 2686 3773 veterem,
2710 3722 2821 3777 quo
2847 3705 3018 3762 eﬂ‘uso
3041 3707 3298 3780 deinceps
3324 3709 3432 3764 erit
3453 3707 3669 3766 Novum

2068 3798 2509 3864 Testamentum;
2539 3799 2796 3868 quoniam
2825 3813 2998 3853 novus
3027 3801 3248 3872 sanguis
3275 3808 3330 3855 et
3358 3800 3620 3858 innocens
3646 3842 3668 3870 ,

2069 3889 2126 3944 id
2155 3897 2260 3954 est,
2286 3889 2524 3945 hominis
2568 3889 2772 3960 absque
2820 3901 3046 3962 peccato
3090 3892 3400 3948 elfundetur
3435 3908 3537 3965 pro
3583 3907 3670 3950 re-

2071 3983 2382 4052 demptione
2414 3984 2672 4050 humana,
2699 3984 2843 4054 quod
2875 3992 3036 4040 antea
3066 4001 3174 4040 non
3203 3993 3288 4040 est
3314 3986 3518 4042 factum
3542 4001 3669 4042 san-

1995 4067 2041 4130 C
2074 4077 2237 4147 guine
2285 4075 2514 4146 alicujus
2568 4075 2820 4130 animalis
2871 4076 3225 4132 irrationalis.
3280 4075 3387 4132 Iste
3443 4076 3671 4148 sanguis

2074 4183 2248 4223 novus
2271 4174 2374 4232 est,
2404 4167 2496 4236 qui
2520 4165 2722 4222 elfusus
2743 4174 2827 4222 est
2849 4183 2949 4238 pro
2972 4168 3146 4224 salute
3172 4176 3378 4235 nostra,
3400 4169 3527 4239 quia
3556 4182 3670 4224 non

2071 4271 2158 4317 est
2188 4261 2441 4316 animalis
2467 4257 2695 4327 alicujus
2737 4261 3127 4315 irrationabilis
3145 4301 3159 4326 ,
3187 4261 3283 4315 sed
3311 4261 3548 4317 hominis
3577 4276 3668 4316 ra-

2073 4353 2293 4409 tionalis
2313 4371 2326 4419 ;
2345 4362 2636 4423 propterea
2654 4352 2854 4408 dicitur
2882 4352 3020 4408 Novi
3046 4352 3382 4419 Testamenti,
3408 4353 3672 4424 quoniam

2071 4455 2164 4512 illo
2190 4453 2362 4512 effuso
2391 4462 2578 4508 vetera
2633 4453 2987 4519 transierunt,
3035 4461 3092 4508 et
3133 4453 3274 4510 facta
3327 4464 3454 4510 sunt
3505 4469 3666 4511 nova.

2069 4550 2192 4621 lpse
2217 4555 2444 4605 vocatur
2481 4547 2667 4602 (sterni
2700 4546 3034 4614 Testamenti,
3079 4547 3206 4618 quia
3237 4546 3445 4604 Novum
3477 4547 3673 4604 Testa-

2070 4652 2314 4699 mentum
2335 4658 2442 4697 non
2466 4641 2770 4697 mutabitur
2791 4641 2860 4695 ad
2893 4640 3038 4696 aliud
3065 4641 3498 4708 Testamentum,
3528 4642 3674 4698 sicut

2071 4746 2342 4793 mutatum
2369 4744 2452 4792 est
2469 4736 2636 4791 Vetus
2656 4735 2710 4789 in
2724 4733 2954 4788 Novum.
2975 4733 3093 4802 Ipse
3111 4741 3341 4787 vocatur
3363 4735 3673 4802 mysterium

2073 4830 2218 4900 fidei,
2241 4829 2496 4896 quoniam
2527 4825 2620 4893 qui
2661 4823 2835 4878 credit
2879 4838 2938 4876 se
2968 4822 3313 4891 redemptum
3344 4823 3413 4876 ab
3443 4837 3510 4878 eo
3540 4839 3672 4882 san-

2077 4920 2257 4989 guine,
2290 4925 2346 4970 et
2373 4914 2616 4968 imitator
2646 4912 2707 4965 ﬁt
2733 4911 3002 4981 passionis
3033 4911 3236 4980 ipsius,
3271 4911 3322 4966 ei
3345 4912 3567 4984 proﬁcit
3600 4915 3672 4971 ad

2079 5007 2311 5061 salutem
2338 5012 2393 5060 et
2419 5005 2487 5057 ad
2515 5005 2682 5058 vitam
2710 5010 2989 5058 aeternam.
3022 5001 3174 5058 Unde
3201 5003 3463 5060 Dominus
3489 5005 3623 5060 dicit
3653 5024 3670 5061 :

2081 5098 2202 5152 Nisi
2230 5095 2672 5151 manducaveritis
2702 5111 2913 5148 carnem
2939 5093 3041 5164 ﬁlii
3072 5094 3320 5160 hominis,
3343 5103 3390 5150 et
3440 5095 3675 5152 biberitis

2080 5189 2194 5260 ejus
2224 5188 2558 5260 sanguinem,
2590 5203 2694 5240 non
2724 5185 2979 5239 habebitis
3013 5184 3172 5239 vitam
3207 5184 3264 5238 in
3294 5184 3674 5257 nobismetipsis

2083 5283 2265 5356 (Joan.
2292 5297 2368 5348 γι,
2392 5279 2504 5352 54).
2548 5277 2663 5332 Hoc
2688 5286 2791 5343 est,
2817 5277 2921 5332 nisi
2953 5276 3249 5348 participes
3282 5275 3496 5331 fueritis
3538 5291 3674 5331 mea:

2079 5373 2368 5446 passionis,
2406 5378 2460 5426 et
2496 5368 2840 5425 credideritis
2872 5384 2972 5424 .me
3024 5375 3300 5423 mortuum
3344 5381 3444 5437 pro
3484 5375 3673 5422 vestra

2002 5440 2289 5530 Dsalute,
2327 5477 2436 5517 non
2467 5459 2734 5515 habebitis
2783 5459 2954 5513 vitam
3008 5459 3064 5514 in
3117 5458 3290 5514 vobis.
3353 5457 3671 5530 Mysterium

2083 5561 2290 5623 Graece,
2313 5555 2508 5611 Latine
2533 5560 2804 5610 secretum
2824 5592 2840 5618 ,
2871 5551 2998 5622 quia
3030 5551 3165 5607 ﬁdes
3190 5550 3293 5606 ista
3316 5548 3448 5605 latet
3469 5549 3526 5604 in
3549 5563 3673 5605 eor-

2087 5657 2245 5712 dibus
2285 5654 2583 5708 electorum
2607 5689 2622 5716 ,
2655 5654 2946 5719 propterea
2972 5654 3198 5702 vocatur
3224 5655 3496 5702 secretum
3520 5641 3669 5699 ﬁdei.
3752 5703 3754 5706 ,

2088 5746 2399 5819 Mysterium
2428 5742 2552 5798 ﬁdei
2582 5739 2717 5795 ﬁdes
2743 5746 2848 5804 est,
2898 5745 2961 5792 ut
3000 5735 3334 5810 Augustinus
3361 5738 3417 5796 in
3442 5729 3674 5806 epistola

2085 5841 2158 5896 2'5
2187 5840 2251 5895 ad
2282 5835 2618 5893 Bonifacium
2643 5832 2956 5902 episcopum
2993 5849 3006 5885 :
3039 5827 3193 5888 Sicut
3219 5845 3352 5902 ergo
3372 5826 3672 5886 secundum
