4000 6534
443 426 582 488 1555

1461 414 1791 475 AMALARII
1827 408 2645 484 PRESBYTERLMETENSIS

3575 411 3766 470 1⁸556

441 544 729 620 quemdam
758 541 976 600 modum
1023 545 1425 598 sacramentum
1468 536 1714 606 corporis
1764 532 1968 590 Christi
1997 570 2013 598 ,
2041 531 2097 594 Α
2117 528 2424 600 protulisse.
2466 527 2744 584 Habemus
2775 531 2832 583 et
2862 541 2974 584 non
3011 526 3294 584 minimam
3316 531 3768 586 auctoritatem

439 656 635 712 corpus
663 637 867 695 Christi
893 642 1002 702 est,
1033 639 1434 691 sacramentum
1459 626 1737 701 sanguinis
1762 625 1963 682 Christi
1991 664 2008 690 ,

437 732 657 805 sanguis
701 727 902 786 Christi
936 733 1050 794 est;
1096 725 1171 780 ita
1224 727 1626 779 sacramentum
1672 715 1797 773 ﬁdei
1820 755 1854 797 ,ἦ
1877 713 2012 770 ﬁdes

439 833 540 882 est.
584 821 761 878 Simili
805 815 966 876 modo
1013 828 1300 890 possumus
1347 813 1530 870 dicere
1563 829 1577 864 :
1618 809 1723 865 Hic
1752 817 1829 865 est
1871 805 2014 862 catis:

437 915 710 986 sanguinis
738 912 840 967 mei
877 909 1015 965 Novi
1053 916 1102 964 et
1147 905 1331 963 (sterni
1368 901 1716 968 Testamenti;
1757 915 1822 957 ac
1856 899 1904 956 si
1932 897 2016 955 di-

439 1017 528 1064 cat
565 1006 694 1062 :hic
727 1013 811 1060 est
835 1002 1050 1073 sanguis
1076 1012 1230 1054 meus
1255 997 1349 1069 qui
1373 1011 1474 1068 pro
1510 995 1666 1050 vobis
1709 993 1905 1058 datur,
1954 996 2018 1045 ut

440 1105 697 1173 deinceps
736 1099 944 1156 Novum
991 1107 1047 1153 et
1080 1105 1344 1153 aeternum
1389 1093 1796 1148 Testamentum
1848 1104 1882 1142 a
1926 1099 2016 1141 me

440 1196 741 1266 accipiatur
792 1197 848 1247 et
893 1197 1160 1246 teneatur.
1219 1185 1520 1256 Sequitur:
1550 1179 1858 1251 mysterium
1890 1175 2016 1266 ﬁdei

439 1289 546 1344 hoc
560 1265 791 1344 credere
815 1280 1043 1346 debetis,
1071 1277 1126 1333 id
1161 1285 1269 1343 est,
1294 1275 1439 1330 hanc
1479 1271 1644 1327 ﬁdem
1682 1268 1885 1324 habere
1925 1265 2019 1321 de-

439 1379 602 1444 betis,
633 1383 696 1432 ut
714 1389 812 1447 per
835 1372 989 1429 illum
1015 1369 1264 1426 remissio
1293 1366 1447 1423 vobis
1491 1364 1563 1420 sit
1605 1361 1848 1419 omnium
1882 1372 2016 1429 pec-

439 1480 707 1532 caununn

1007 1542 1343 1611 EPISTULA
1378 1547 1448 1606 ν.

829 1668 899 1709 ΔΒ
931 1662 1224 1708 ΗΕΤΤΟΝΕΙ
1263 1658 1291 1687 ⁸
1330 1655 1638 1700 IONACEUK.

512 1749 744 1825 Dignata
779 1756 865 1804 est
916 1742 1250 1823 fraternitas
1282 1745 1466 1794 vestra
1511 1733 1670 1790 nobis
1712 1729 1976 1825 mandare
2002 1767 2016 1794 ,

440 1851 507 1903 ut
552 1820 830 1899 auctorem
869 1837 1022 1893 illum
1075 1821 1250 1890 vobis
1277 1829 1612 1886 nominarem
1637 1865 1654 1892 ,
1702 1823 1794 1895 qui
1833 1820 2024 1878 distin-

2117 637 2187 680 ex
2231 621 2620 679 consuetudine
2666 621 2924 676 Ecclesia:
2945 660 2963 686 ,
2992 636 3114 691 qua
3158 622 3298 678 solet
3352 625 3631 694 quotidie
3701 625 3767 678 in

2118 715 2364 774 oratione
2393 728 2513 786 qum
2540 713 2604 768 ﬁt
2630 727 2796 783 super
2831 726 3076 768 mensam
3114 714 3382 786 proferre,
3414 715 3614 772 Beata
3669 733 3770 770 se—

2119 807 2328 880 raphin.

2644 893 2674 935 ι)
2700 891 3038 950 EPISTOLA
3072 893 3165 951 VI.

2683 1004 2752 1044 AD
2790 1003 3136 1045 GUNTRADUI.

2189 1080 2498 1140 Amalarius
2544 1079 2827 1138 Guntrado
2897 1079 3096 1137 dilecto
3152 1078 3265 1136 ﬁlio
3308 1081 3367 1136 in
3423 1083 3758 1155 disciplina

2124 1173 2350 1232 Christi.

2193 1266 2298 1322 Fili
2319 1266 2417 1333 mi,
2444 1265 2764 1322 recordatus
2786 1278 2906 1320 sum
2923 1269 3340 1335 percunctatum
3359 1277 3488 1320 esse
3507 1263 3759 1336 pollens

2124 1357 2400 1431 ingenium
2428 1363 2581 1412 tuum
2605 1396 2620 1423 ,
2658 1370 2828 1428 quare
2863 1369 2973 1410 non
3009 1369 3099 1410 me
3125 1369 3252 1409 cum
3281 1354 3474 1424 majori
3498 1355 3760 1412 cautela

2127 1447 2479 1514 custodirem,
2529 1461 2600 1502 ne
2647 1438 2790 1502 illico
2816 1453 2941 1516 post
2969 1452 3356 1514 consumptum
3382 1445 3754 1502 sacriﬁcium

2128 1553 2398 1611 spuerem.
2447 1535 2749 1603 Addidisti,
2797 1535 2942 1606 quod
2970 1550 3081 1590 non
3114 1535 3328 1591 videres
3362 1544 3610 1592 caeteros
3645 1551 3754 1590 sa-

2128 1633 2378 1689 cerdotes
2424 1631 2531 1686 hoc
2576 1627 2792 1696 facere,
2830 1629 2884 1685 id
2911 1636 2994 1684 est
3019 1630 3205 1685 statim
3233 1643 3434 1700 spuere
3469 1639 3614 1700 post
3650 1643 3754 1684 oo-

2129 1729 2360 1777 mestam
2391 1719 2798 1776 eucharistiam.
2831 1717 3056 1786 Quando
3081 1720 3186 1774 hoc
3222 1719 3408 1775 audivi
3436 1734 3470 1773 a
3498 1727 3584 1785 te,
3629 1734 3742 1775 nec

2130 1811 2362 1868 multum
2394 1811 2491 1866 tibi
2518 1810 2649 1876 dixi,
2682 1825 2783 1866 nec
2805 1810 3042 1882 cogitavi
3083 1825 3151 1865 ex
3202 1811 3308 1866 hoc
3360 1810 3463 1865 tibi
3491 1826 3754 1882 respon-

441 1896 843 1996 et-ionemfacit
872 1930 1017 1984 inter
1046 1923 1332 1996 Seraphin,
1363 1920 1580 1991 quando
1608 1915 1787 1971 neutri
1811 1911 2024 1984 generis
2051 1896 2100 1957 B
2127 1905 2286 1996 dere,
2317 1901 2482 1958 nauci
2515 1901 2646 1957 duxi
2689 1900 2856 1957 talem
2910 1902 3417 1972 percunctationem
3443 1917 3460 1966 ;
3502 1900 3634 1972 jam
3689 1903 3750 1955 in

442 2038 545 2094 est,
579 2032 634 2082 et
655 2025 870 2095 quando
891 2017 1198 2076 masculini.
1243 2012 1363 2069 Non
1395 2012 1575 2068 omnia
1607 2007 1740 2063 mihi
1764 2007 1820 2060 in
1846 2017 2026 2095 prorn-

443 2126 542 2189 ptu
567 2094 796 2187 possunt
820 2123 1125 2171 occurrere,
1179 2119 1300 2176 quae
1337 2103 1401 2158 de
1450 2101 1559 2155 illis
1605 2097 1908 2169 agminibus
1952 2094 2028 2148 Ie-

443 2201 599 2283 gistis
623 2215 679 2261 et
704 2204 828 2275 legi.
869 2202 1073 2256 Tamen
1101 2199 1253 2252 illum
1288 2203 1566 2250 auctorem
1592 2189 1754 2283 modo
1781 2201 2028 2258 promam

389 2365 392 2368 4
445 2282 540 2373 qui
571 2297 832 2355 discernit
851 2295 993 2349 inter
1011 2290 1272 2347 cherubin
1294 2285 1472 2342 neutri
1497 2282 1712 2356 generis
1737 2287 1792 2336 et
1816 2293 2031 2373 mascuf

389 2452 391 2454 ,
448 2369 568 2459 lini,
591 2406 694 2446 nec
723 2403 830 2443 non
857 2396 913 2442 et
939 2385 1090 2440 illum
1115 2382 1210 2454 qui
1252 2379 1538 2449 Seraphim
1559 2391 1658 2447 per
1688 2393 1758 2437 m,
1802 2369 2030 2428 masculi

389 2553 392 2555 Α
445 2482 663 2556 generis
692 2479 864 2543 dicit,
893 2484 953 2531 et
979 2473 1156 2530 neutri
1182 2485 1278 2542 per
1314 2487 1367 2524 n.
1407 2468 1612 2538 Opinor
1649 2463 2032 2556 quodeisdem

443 2553 700 2630 finalibus
727 2567 928 2624 litteris
973 2564 1297 2620 terminetur
1335 2558 1478 2630 apud
1524 2558 1744 2613 Graecos
1769 2553 2032 2611 cherubin

444 2670 505 2723 et
530 2661 806 2733 seraphin.
840 2658 985 2714 Dicit
1006 2657 1364 2726 Hieronymus
1387 2653 1444 2708 in
1471 2658 1706 2706 tractatu
1734 2643 2034 2703 Ezechielis

389 2821 394 2824 _
445 2755 596 2812 tertii
623 2752 747 2808 libri
787 2771 800 2806 :
839 2771 858 2804 ι
888 2750 1207 2819 Quanquam
1227 2746 1473 2817 plerique
1514 2742 1775 2798 cherubin
1801 2737 2034 2796 neutrali

446 2861 647 2920 genere
698 2855 1032 2912 numeroque
1087 2836 1280 2910 plurali
1337 2836 1442 2892 dici
1483 2841 1704 2905 putent,
1748 2847 1848 2886 nos
1892 2830 2034 2884 scire

388 3003 394 3007 _
448 2938 712 2994 debemus
737 2931 997 3004 singulari
1027 2945 1253 2985 numero
1278 2943 1398 2984 esse
1425 2926 1628 2982 cherub
1670 2923 1885 2996 generis
1911 2937 2031 2977 ma-

444 3026 663 3092 sculini,
708 3032 765 3078 et
788 3022 983 3094 plurali
1030 3019 1271 3088 ejusdem
1315 3017 1532 3088 generis
1570 3014 1873 3079 cherubim,
1925 3027 2034 3067 non

387 3104 391 3109 ’
448 3130 558 3185 quo
587 3129 750 3168 sexus
781 3114 834 3166 in
862 3111 1096 3166 ministri
1118 3109 1215 3163 Dei
1241 3109 1331 3175 sit,
1363 3109 1456 3163 sed
1483 3123 1592 3178 quo
1613 3105 2034 3175 unumquodque

442 3203 602 3274 juxta
619 3203 813 3272 linguae
832 3217 944 3257 sua:
962 3201 1349 3271 proprietatem
1371 3199 1600 3254 diversis
1624 3196 1923 3268 appelletur
1945 3210 2037 3267 ge-

449 3296 692 3351 neribus.
718 3293 910 3363 Angeli
939 3300 1202 3348 vocantur
1234 3306 1462 3347 numero
1487 3290 1681 3362 plurali
1708 3287 1992 3342 Malachim
2017 3328 2031 3352 ,

451 3393 509 3440 et
548 3384 828 3439 cherubim
872 3391 926 3436 et
968 3381 1242 3452 seraphim
1291 3381 1532 3452 ejusdem
1579 3381 1792 3452 generis
1837 3387 1892 3431 et
1931 3393 2036 3432 nu-

391 3549 393 3551 ι
452 3475 614 3533 meri.
651 3493 670 3526 ι
719 3474 820 3528 Ubi
855 3481 1075 3528 sanctus
1122 3473 1483 3542 Hieronymus
1523 3471 1693 3536 dicit,
1753 3484 1853 3523 nos
1897 3468 2039 3523 scire

455 3570 716 3624 debemus
759 3566 906 3636 quod
944 3565 1173 3619 Latinus
1220 3564 1429 3618 Latinis
1481 3562 1585 3616 fuit
1640 3561 1870 3615 locutus.
1918 3560 2036 3630 Ipse

390 3642 398 3660 ’
455 3670 578 3717 erat
619 3661 846 3715 Latinus
871 3699 885 3724 ,
921 3656 1087 3712 Paula
1127 3666 1183 3712 et
1223 3656 1332 3710 [ilia
1378 3654 1494 3724 ejus
1531 3653 1885 3708 Eustochium
1934 3651 2038 3706 La-

455 3752 587 3809 tinae
608 3760 785 3808 erant.
817 3751 899 3805 Ex
919 3752 1023 3805 hoc
1047 3749 1348 3822 intelligere
1387 3763 1673 3819 possumus
1696 3788 1710 3814 ,
1760 3747 1904 3816 quod
1942 3761 2040 3800 nos

396 3841 400 3848 ’
455 3845 637 3901 Latini
659 3842 917 3898 debemus
937 3842 1152 3896 illorum
1183 3841 1557 3896 ministrorum
1590 3839 1809 3894 nomina
1831 3854 2042 3894 mascu-

395 3939 400 3946 ”
455 3934 571 3990 lino
611 3949 808 4006 genere
859 3945 1043 3988 tenere
1073 3932 1228 4002 juxta
1255 3931 1574 3987 Hebraicam
1620 3932 1999 3986 auctoritatem
2023 3972 2038 3998 ,

457 4039 624 4095 quam
663 4022 1020 4092 Hieronymus
1065 4022 1450 4091 interpretatus
1490 4030 1592 4077 est.
1625 4021 1692 4075 Et
1739 4021 1829 4076 ubi
1866 4021 2038 4076 dicit:

395 4109 398 4111 Α
465 4133 487 4167 ‹
521 4113 638 4170 Non
661 4129 770 4185 quo
792 4127 954 4169 sexus
988 4113 1045 4166 in
1065 4113 1330 4168 ministris
1360 4115 1454 4168 Dei
1484 4114 1573 4179 sit,
1598 4113 1692 4168 sed
1715 4129 1822 4184 quo
1849 4129 2043 4168 unum-

399 4201 402 4206 ’
460 4208 712 4277 quodque
758 4203 912 4274 juxta
956 4203 1152 4271 lingute
1202 4219 1314 4258 suae
1369 4204 1757 4274 proprietatem
1817 4203 2044 4258 diversis

463 4295 765 4368 appelletur
808 4295 1139 4366 generibus:
1180 4313 1198 4346 ι
1250 4309 1318 4348 ex
1364 4295 1468 4350 hoc
1509 4294 1860 4364 intelligimus
1901 4294 2046 4364 quod

465 4387 689 4442 alterius
715 4387 929 4456 generis
950 4392 1076 4440 sunt
1101 4385 1339 4440 ministri
1362 4387 1644 4441 memorati
1673 4387 1728 4442 in
1755 4386 2044 4458 peregrina

461 4481 663 4550 lingua.
698 4479 839 4534 Dicit
868 4478 1012 4533 Beda
1040 4479 1094 4532 in
1125 4477 1262 4532 libro
1305 4479 1483 4548 primo
1510 4479 1574 4534 de
1605 4479 1952 4533 tabernaculo
1992 4486 2046 4533 et

2129 1995 2323 2050 itinere
2362 1997 2564 2065 degens
2593 1994 2872 2064 aporiatus
2899 2008 3019 2048 sum
3050 2001 3144 2048 tua
3170 1993 3484 2056 dilectione,
3517 2009 3599 2049 ne
3635 1993 3749 2047 ali-

2129 2103 2237 2162 qua
2264 2086 2501 2156 suspicio
2531 2093 2840 2141 remaneret
2870 2084 2966 2139 tibi
2996 2083 3134 2142 falsa
3182 2086 3239 2141 in
3273 2096 3522 2157 pectore.
3564 2087 3751 2153 Quasi

2130 2179 2262 2253 ergo
2293 2189 2582 2251 prepterve
2613 2179 2720 2234 hoc
2749 2194 2968 2250 agerem
2994 2187 3186 2235 contra
3223 2189 3468 2235 nostram
3499 2180 3750 2251 religio-

2131 2265 2278 2339 nem,
2307 2281 2363 2328 et
2391 2287 2460 2328 ne
2485 2286 2798 2328 remaneres
2827 2272 2884 2326 in
2911 2272 3095 2345 aliquo
3131 2287 3308 2327 errore
3342 2271 3707 2343 ignorantiae
3730 2312 3746 2334 ,

2131 2363 2336 2420 idcirco
2371 2363 2715 2434 potissimum
2763 2363 3024 2434 quoniam
3067 2363 3213 2420 sensi
3251 2371 3304 2418 te
3338 2363 3598 2418 sensisse
3659 2379 3752 2418 me

2133 2471 2293 2528 agere
2321 2465 2513 2512 contra
2535 2456 2982 2512 consuetudinem
3018 2457 3396 2528 religiosorum
3435 2457 3748 2527 presbyte-

2133 2566 2344 2616 rorum,
2370 2549 2536 2604 malui
2557 2564 2626 2603 ex
2649 2549 2845 2604 itinere
2860 2547 3098 2604 formare
3119 2550 3214 2604 tibi
3234 2549 3483 2603 animum
3514 2563 3746 2613 metam;

2134 2660 2298 2717 quam
2342 2643 2543 2700 diutius
2578 2657 2863 2697 remanere
2918 2642 3116 2697 ardens
3161 2641 3444 2714 ingenium
3487 2649 3651 2695 tuum
3688 2641 3746 2696 in

2135 2736 2447 2807 suspicione
2472 2734 2670 2788 inutili.
2698 2734 2932 2790 Attende
2965 2733 3162 2804 primo,
3187 2732 3265 2787 ﬁli
3299 2732 3402 2798 mi,
3447 2733 3745 2788 sententia

2134 2830 2287 2888 Pauli
2311 2831 2542 2887 dicentis
2575 2849 2588 2884 :
2623 2827 2894 2900 Spiritalis
2920 2827 3129 2898 judicat
3169 2827 3384 2891 omnia;
3419 2826 3542 2896 ipse
3564 2835 3744 2880 utens

2137 2945 2170 2982 a
2199 2925 2400 2980 nemine
2443 2921 2808 2995 judicatur(1
2851 2920 2974 2976 Cor.
3029 2936 3091 2987 ll,
3136 2920 3247 2993 15).
3296 2919 3358 2975 Si
3408 2919 3566 2989 quod
3595 2920 3741 2974 circa

2139 3019 2390 3091 spiritum
2412 3027 2498 3074 est
2525 3018 2582 3072 in
2609 3033 2708 3073 suo
2735 3015 2925 3071 ordine
2946 3022 3150 3079 manet,
3176 3028 3242 3068 ea
3265 3028 3390 3084 quae
3412 3028 3518 3084 per
3543 3027 3743 3082 corpus

2139 3118 2399 3181 geruntur
2427 3116 2576 3164 recta
2605 3109 2947 3178 deputantur,
2978 3106 3192 3162 dicente
3216 3105 3413 3161 eodem
3435 3104 3736 3176 Apostolo:

2143 3201 2334 3257 Omnia
2357 3200 2556 3256 munda
2584 3198 2794 3253 mundis
2829 3196 2957 3268 (Tit.
3013 3213 3064 3262 ι,
3121 3195 3235 3269 15).
3278 3195 3436 3251 Multi
3487 3205 3614 3251 sunt
3643 3196 3738 3265 qui

2143 3293 2466 3350 munditiam
2494 3291 2737 3362 corporis
2767 3292 3058 3348 observant
3081 3289 3384 3346 secundum
3410 3304 3566 3344 usum
3582 3287 3734 3342 Pha-

2141 3387 2444 3450 risaeorum,
2495 3400 2563 3439 ex
2608 3398 2838 3454 quorum
2889 3391 3072 3437 tamen
3106 3380 3385 3436 mentibus
3439 3378 3747 3449 procedunt

2142 3477 2452 3542 immunda,
2517 3490 2639 3546 quae
2689 3475 2950 3530 Dominus
2993 3480 3271 3542 computat
3315 3472 3377 3526 in
3445 3471 3739 3543 Evangelia

2142 3571 2332 3627 dicens
2367 3588 2380 3623 :
2413 3568 2492 3623 De
2541 3567 2697 3622 corde
2745 3567 2885 3622 enim
2931 3575 3118 3621 exeunt
3163 3565 3514 3637 cogitationes
3543 3564 3736 3631 male,

2141 3663 2446 3731 homicidia,
2474 3660 2762 3727 adulteria,
2789 3659 3186 3730 fornicationes,
3212 3657 3382 3728 furta,
3427 3657 3574 3727 falsa
3599 3656 3738 3711 testi-

2142 3757 2344 3821 monia,
2387 3754 2721 3824 blasphemia:
2764 3769 2782 3808 :
2819 3753 2932 3807 hac
2960 3738 3081 3806 sunt
3118 3766 3234 3822 qua:
3264 3750 3622 3820 coinquinant
3649 3749 3740 3801 Ito-

2142 3848 2334 3902 minem
2369 3845 2584 3915 (Matth.
2629 3860 2720 3910 xv,
2773 3841 2889 3916 20).
2944 3841 3094 3897 Inter
3126 3842 3232 3897 ista
3275 3856 3387 3896 non
3442 3841 3739 3910 deputatur

2144 3947 2385 4010 sputum,
2415 3936 2790 4005 nebprocedit
2812 3950 2880 3990 ex
2907 3934 3047 3989 mala
3076 3933 3407 4006 cogitatione
3434 3947 3564 4003 quae
3591 3932 3736 3987 coin-

2145 4032 2335 4102 quinat
2375 4028 2672 4084 hominem.
2714 4026 2944 4096 Sputum
2981 4024 3233 4080 naturale
3264 4034 3347 4080 est
3394 4024 3584 4086 nobis,
3629 4024 3736 4077 sine

2144 4129 2369 4194 peccato
2420 4119 2664 4190 procedit
2701 4134 2771 4173 ex
2799 4117 2986 4184 nobis,
3025 4117 3246 4172 sanitati
3280 4124 3489 4171 nostra:
3527 4115 3742 4186 proﬁcit

2146 4212 2263 4282 ejus
2289 4209 2590 4281 processio,
2622 4210 2739 4265 sine
2777 4209 3180 4280 vituperatione
3214 4207 3604 4278 religiosorum
3651 4208 3739 4261 ho-

2147 4305 2354 4360 minum
2377 4302 2586 4373 agimus
2610 4301 2754 4372 quod
2780 4300 3034 4356 Christus
3062 4301 3171 4373 egit
3191 4315 3291 4371 pro
3321 4299 3500 4355 salute
3529 4309 3736 4360 nostra,

2147 4399 2374 4454 docente
2408 4395 2698 4467 Evangelio
2736 4413 2749 4449 :
2787 4393 2983 4450 Lutum
3014 4395 3137 4465 fecit
3157 4394 3416 4448 Dominus
3441 4411 3510 4449 ex
3545 4403 3697 4464 sputo
3721 4433 3737 4458 ,

2146 4498 2195 4544 et
2222 4489 2389 4543 linivit
2422 4486 2600 4541 oculos
2651 4487 2776 4541 εωθὶ
2831 4488 2946 4540 nati
2995 4485 3180 4559 (Joan.
3213 4501 3292 4552 rx,
3317 4483 3393 4558 6).
3441 4485 3513 4540 Et
3539 4486 3732 4540 itemm

403 4587 407 4590 ·
461 4573 610 4626 vasis
644 4570 759 4639 ejus
789 4589 800 4622 :
840 4589 858 4620 ‹
893 4571 960 4625 Et
988 4570 1207 4640 quidem
1244 4585 1469 4626 numero
1508 4569 1765 4644 singulari
1817 4570 2043 4636 cherub,
2070 4608 2125 4668 Β
2149 4579 2446 4636 secundum
2491 4577 2732 4632 Marcum
2763 4593 2778 4631 ς
2814 4575 2959 4632 Misi;
2989 4577 3181 4648 άίθειοε
3209 4593 3332 4630 ευοε
3354 4576 3413 4629 in
3441 4576 3728 4640 “deum,

461 4663 661 4736 plurali
699 4671 879 4716 autem
907 4663 1165 4716 cherubin
1191 4663 1410 4728 dicitur,
1448 4673 1502 4717 et
1537 4672 1621 4719 est
1655 4679 1852 4718 nomen
1886 4679 2048 4734 gene-

463 4754 544 4809 ris
574 4751 885 4816 masculini;
924 4753 1018 4806 sed
1053 4751 1240 4806 Graeca
1272 4754 1603 4808 consuetudo
1634 4763 1826 4809 neutro
1852 4768 2048 4824 genere

465 4843 730 4899 cherubin
780 4843 1000 4912 posuit,
1053 4859 1103 4896 m
1152 4843 1333 4897 littera
1385 4842 1439 4896 in
1493 4859 1527 4896 η
1565 4851 1793 4899 mutata.
1845 4844 2048 4900 Verum

463 4945 654 4992 noster
691 4935 959 5004 interpres
993 4934 1278 4990 Hebraeum
1309 4943 1530 4990 secutus
1559 4935 1782 5003 idioma,
1835 4951 2049 4991 mascu-

463 5029 578 5084 lino
604 5044 803 5100 genere
828 5031 1028 5099 posuit.
1064 5049 1083 5082 ι
1821 5033 1823 5036 ‘

539 5122 851 5178 Monstrabo
878 5123 1077 5178 iterum
1101 5121 1189 5176 ubi
1225 5122 1365 5177 idem
1397 5123 1664 5193 interpres
1691 5121 2052 5194 Hieronymus

466 5225 636 5290 ponat
661 5215 915 5286 seraphin
956 5225 1150 5270 neutro
1172 5229 1388 5286 genere.
1412 5215 1617 5271 Scribit
1639 5217 1692 5270 in
1724 5215 1861 5271 libro
1891 5231 2051 5286 quem

470 5312 600 5367 fecit
649 5312 716 5366 de
761 5310 1014 5379 seraphin
1043 5309 1194 5382 (Cap.
1236 5311 1289 5376 6,
1319 5319 1432 5383 post
1464 5310 1606 5383 init.)
1645 5327 1764 5380 qua:
1803 5312 2053 5383 leguntur

470 5407 526 5460 in
559 5405 697 5460 Isaia
727 5405 870 5458 inter
901 5413 1095 5458 caetera
1129 5423 1140 5457 :
1181 5424 1199 5455 ι
1234 5404 1448 5460 Nullum
1475 5405 1860 5476 prophetarum
1897 5416 2051 5460 extra

467 5499 661 5554 Isaiam
694 5498 896 5554 vidisse
931 5498 1183 5568 seraphin
1215 5498 1360 5553 circa
1412 5498 1582 5554 Deum
1623 5499 1834 5563 stantia,
1888 5507 1944 5554 et
1980 5513 2049 5554 ne

469 5589 585 5660 ipsa
607 5590 826 5658 quidem
851 5591 1107 5660 seraphin
1131 5590 1257 5646 alibi
1282 5591 1534 5646 lectitari.
1569 5611 1588 5643 ι
1622 5590 1783 5645 Novit
1809 5590 2050 5646 charitas

467 5686 652 5732 vestra
674 5681 888 5748 quando
917 5681 1056 5737 dixit
1078 5682 1370 5748 stantia,et
1395 5681 1510 5752 ipsa
1533 5689 1727 5738 neutro
1757 5697 1955 5755 genere
1983 5698 2047 5739 ea

417 5847 420 5854 .
481 5804 583 5883 ut
596 5793 1005 5883 edictionem.
1030 5798 1078 5854 Is
1123 5798 1348 5882 forsitan
1363 5797 1538 5883 ‘Hetoto
1569 5797 1930 5883 sive_Hectus,
1956 5799 2048 5882 qui

468 5862 655 5922 Abbas
682 5863 783 5921 fuit
813 5865 1228 5938 Epternacensis
1257 5877 1382 5942 post
1409 5871 1646 5945 episcop.
1672 5862 2043 5946 Treverensis.

2153 4682 2200 4726 et
2235 4685 2462 4740 expuens
2507 4669 2674 4740 tetigit
2703 4668 2937 4740 linguam
2961 4669 3079 4739 ejus
3110 4667 3302 4740 (Marc.
3331 4683 3436 4734 vn,
3469 4667 3585 4740 ΞΩ).
3609 4667 3737 4723 Cor-

2153 4776 2253 4832 pus
2279 4759 2491 4814 Domini
2512 4759 2673 4814 saluli
2697 4760 2976 4814 hominum
2999 4768 3374 4816 consecratum
3396 4769 3483 4816 est
3504 4761 3561 4815 in
3586 4772 3740 4817 teter-

2154 4869 2304 4908 num.
2334 4852 2541 4926 Ejectio
2569 4853 2714 4924 sputi
2739 4852 2968 4908 salutem
3002 4862 3224 4925 praestat
3261 4854 3642 4926 temporalem.
3664 4855 3742 4909 Ad

2154 4946 2260 5001 hoc
2310 4947 2666 5017 deprecamur
2715 4947 3003 5002 sanitatem
3042 4947 3410 5018 temporalem,
3455 4957 3520 5003 ut
3559 4949 3743 5019 potius

2154 5051 2505 5094 occurramus
2528 5046 2747 5093 aeternae
2770 5037 2949 5093 saluti.
2981 5037 3135 5104 Quod
3154 5046 3239 5094 est
3260 5036 3498 5094 odicium
3522 5048 3744 5094 aeternae

2154 5128 2366 5193 salutis,
2398 5143 2506 5182 non
2536 5134 2621 5182 est
2644 5136 2832 5184 contra
2855 5128 3253 5184 institutionem
3280 5127 3517 5184 Domini.
3539 5127 3745 5196 Quam-

2152 5222 2236 5277 vis
2258 5219 2550 5290 Apostolus
2572 5221 2799 5277 dixisset
2826 5239 2839 5275 :
2869 5220 3096 5287 Quando
3124 5222 3364 5290 inﬁrmor
3391 5232 3518 5276 tunc
3548 5220 3745 5290 fortior

2153 5331 2269 5370 sum
2295 5323 2342 5368 et
2365 5323 2544 5384 potens
2562 5313 2648 5385 (ΙΙ
2673 5311 2795 5368 Cor.
2822 5330 2922 5378 xu,
2945 5313 3276 5387 10).Tamen
3297 5314 3519 5368 sanitati
3550 5315 3743 5369 stude-

2154 5411 2270 5475 bat,
2293 5417 2352 5463 ut
2381 5407 2630 5463 novimus
2653 5422 2719 5464 ex
2741 5408 3107 5462 admonitione
3133 5406 3274 5462 facta
3297 5405 3365 5460 ad
3393 5405 3743 5460 Timotheum

2155 5515 2281 5556 cum
2309 5501 2451 5556 dicat
2479 5498 2638 5554 :Noli
2665 5515 2857 5570 aquam
2886 5498 3078 5564 bibere,
3102 5498 3193 5552 sed
3221 5498 3426 5552 modico
3446 5498 3570 5552 vino
3598 5508 3745 5552 utere

2151 5602 2362 5665 propter
2407 5592 2734 5646 stomachum
2761 5631 2777 5658 ,
2830 5599 2878 5645 et
2922 5589 3214 5661 frequentes
3255 5596 3374 5643 tuas
3401 5587 3743 5656 inﬁrmitates

2156 5684 2209 5759 (1
2236 5684 2369 5739 Tim.
2398 5699 2454 5751 v,
2483 5683 2597 5756 29).

2228 5788 2358 5871 b‘Ex
2378 5802 2481 5861 hac
2499 5801 2726 5875 epistola
2746 5800 3047 5858 Amaiarius
3074 5799 3337 5872 probatur
3359 5795 3648 5855 sacerdos.
