  <div class='ocr_page' id='page_1' title='image "/cluster/home/n/w/nwhite01/storage/ocr_20150623/105/hvd.32044021109350/672.png"; bbox 0 0 4000 6554; ppageno 0'>
   <div class='ocr_carea' id='block_1_1' title="bbox 187 416 329 475">
    <p class='ocr_par' dir='ltr' id='par_1_1' title="bbox 187 416 329 475">
     <span class='ocr_line' id='line_1_1' title="bbox 187 416 329 475; baseline -0.021 0"><span class='ocrx_word' id='word_1_1' title='bbox 187 416 329 475; x_wconf 68' lang='grc'><strong>1557</strong></span> 
     </span>
    </p>
   </div>
   <div class='ocr_carea' id='block_1_2' title="bbox 1602 406 1985 468">
    <p class='ocr_par' dir='ltr' id='par_1_2' title="bbox 1602 406 1985 468">
     <span class='ocr_line' id='line_1_2' title="bbox 1602 406 1985 468; baseline 0.008 -3"><span class='ocrx_word' id='word_1_2' title='bbox 1602 406 1985 468; x_wconf 66' lang='grc' dir='ltr'><strong>ΕΡΙΞΤΟΜΕ.</strong></span> 
     </span>
    </p>
   </div>
   <div class='ocr_carea' id='block_1_3' title="bbox 3305 395 3448 476">
    <p class='ocr_par' dir='ltr' id='par_1_3' title="bbox 3305 395 3448 476">
     <span class='ocr_line' id='line_1_3' title="bbox 3305 395 3448 476; baseline 0.021 -4"><span class='ocrx_word' id='word_1_3' title='bbox 3305 395 3448 476; x_wconf 71' lang='lat' dir='ltr'><strong>i338</strong></span> 
     </span>
    </p>
   </div>
   <div class='ocr_carea' id='block_1_4' title="bbox 261 491 3459 602">
    <p class='ocr_par' dir='ltr' id='par_1_4' title="bbox 261 491 3459 602">
     <span class='ocr_line' id='line_1_4' title="bbox 261 491 3459 602; baseline 0.002 -18"><span class='ocrx_word' id='word_1_4' title='bbox 261 527 360 595; x_wconf 89' lang='lat' dir='ltr'><strong>Tu,</strong></span> <span class='ocrx_word' id='word_1_5' title='bbox 393 525 493 596; x_wconf 86' lang='lat' dir='ltr'><strong>ﬁli,</strong></span> <span class='ocrx_word' id='word_1_6' title='bbox 523 526 582 584; x_wconf 90' lang='lat' dir='ltr'><strong>in</strong></span> <span class='ocrx_word' id='word_1_7' title='bbox 632 526 1013 602; x_wconf 80' lang='lat' dir='ltr'><strong>redargutione</strong></span> <span class='ocrx_word' id='word_1_8' title='bbox 1053 533 1149 584; x_wconf 83' lang='lat' dir='ltr'><strong>tua</strong></span> <span class='ocrx_word' id='word_1_9' title='bbox 1192 540 1305 585; x_wconf 87' lang='lat' dir='ltr'><strong>non</strong></span> <span class='ocrx_word' id='word_1_10' title='bbox 1347 533 1574 599; x_wconf 76' lang='lat' dir='ltr'><strong>propter</strong></span> <span class='ocrx_word' id='word_1_11' title='bbox 1607 506 1767 581; x_wconf 55' lang='lat' dir='ltr'><strong>&#39;aliud</strong></span> <span class='ocrx_word' id='word_1_12' title='bbox 1793 491 2010 592; x_wconf 72' lang='lat' dir='ltr'><strong>Avelle</strong></span> <span class='ocrx_word' id='word_1_13' title='bbox 2037 529 2094 580; x_wconf 91' lang='lat' dir='ltr'><strong>et</strong></span> <span class='ocrx_word' id='word_1_14' title='bbox 2136 524 2350 596; x_wconf 81' lang='lat' dir='ltr'><strong>precari</strong></span> <span class='ocrx_word' id='word_1_15' title='bbox 2375 523 2666 582; x_wconf 88' lang='lat' dir='ltr'><strong>Dominum</strong></span> <span class='ocrx_word' id='word_1_16' title='bbox 2705 541 2801 583; x_wconf 91' lang='lat' dir='ltr'><strong>cor</strong></span> <span class='ocrx_word' id='word_1_17' title='bbox 2841 529 3122 595; x_wconf 89' lang='lat' dir='ltr'><strong>mundum,</strong></span> <span class='ocrx_word' id='word_1_18' title='bbox 3169 543 3326 587; x_wconf 89' lang='lat' dir='ltr'><strong>suum</strong></span> <span class='ocrx_word' id='word_1_19' title='bbox 3372 520 3459 590; x_wconf 80' lang='lat' dir='ltr'><strong>est</strong></span> 
     </span>
    </p>
   </div>
   <div class='ocr_carea' id='block_1_5' title="bbox 192 614 1768 692">
    <p class='ocr_par' dir='ltr' id='par_1_5' title="bbox 192 614 1768 692">
     <span class='ocr_line' id='line_1_5' title="bbox 192 614 1768 692; baseline -0.004 -16"><span class='ocrx_word' id='word_1_20' title='bbox 192 619 476 676; x_wconf 77' lang='lat' dir='ltr'><strong>ostendisti</strong></span> <span class='ocrx_word' id='word_1_21' title='bbox 513 620 650 676; x_wconf 91' lang='lat' dir='ltr'><strong>mihi</strong></span> <span class='ocrx_word' id='word_1_22' title='bbox 667 620 786 676; x_wconf 90' lang='lat' dir='ltr'><strong>-tibi</strong></span> <span class='ocrx_word' id='word_1_23' title='bbox 816 620 1102 692; x_wconf 82' lang='lat' dir='ltr'><strong>displicere</strong></span> <span class='ocrx_word' id='word_1_24' title='bbox 1129 633 1217 675; x_wconf 93' lang='lat' dir='ltr'><strong>me</strong></span> <span class='ocrx_word' id='word_1_25' title='bbox 1249 632 1464 689; x_wconf 81' lang='lat' dir='ltr'><strong>spuere,</strong></span> <span class='ocrx_word' id='word_1_26' title='bbox 1492 614 1598 672; x_wconf 87' lang='lat' dir='ltr'><strong>nisi</strong></span> <span class='ocrx_word' id='word_1_27' title='bbox 1640 614 1768 686; x_wconf 86' lang='lat' dir='ltr'><strong>quia</strong></span> 
     </span>
    </p>
   </div>
   <div class='ocr_carea' id='block_1_6' title="bbox 193 707 1772 785">
    <p class='ocr_par' dir='ltr' id='par_1_6' title="bbox 193 707 1772 785">
     <span class='ocr_line' id='line_1_6' title="bbox 193 707 1772 785; baseline -0.004 -15"><span class='ocrx_word' id='word_1_28' title='bbox 193 719 419 770; x_wconf 65' lang='lat' dir='ltr'><strong>caeteros</strong></span> <span class='ocrx_word' id='word_1_29' title='bbox 456 713 766 769; x_wconf 72' lang='lat' dir='ltr'><strong>sacerdotes</strong></span> <span class='ocrx_word' id='word_1_30' title='bbox 794 711 1119 785; x_wconf 73' lang='lat' dir='ltr'><strong>perspexisti</strong></span> <span class='ocrx_word' id='word_1_31' title='bbox 1173 726 1206 766; x_wconf 90' lang='lat' dir='ltr'><strong>a</strong></span> <span class='ocrx_word' id='word_1_32' title='bbox 1251 717 1412 782; x_wconf 78' lang='lat' dir='ltr'><strong>sputo</strong></span> <span class='ocrx_word' id='word_1_33' title='bbox 1457 707 1660 764; x_wconf 89' lang='lat' dir='ltr'><strong>diutius</strong></span> <span class='ocrx_word' id='word_1_34' title='bbox 1711 722 1772 764; x_wconf 89' lang='lat' dir='ltr'><strong>se</strong></span> 
     </span>
    </p>
   </div>
   <div class='ocr_carea' id='block_1_7' title="bbox 193 799 1772 877">
    <p class='ocr_par' dir='ltr' id='par_1_7' title="bbox 193 799 1772 877">
     <span class='ocr_line' id='line_1_7' title="bbox 193 799 1772 877; baseline -0.004 -17"><span class='ocrx_word' id='word_1_35' title='bbox 193 805 464 861; x_wconf 86' lang='lat' dir='ltr'><strong>abstinere</strong></span> <span class='ocrx_word' id='word_1_36' title='bbox 506 812 631 877; x_wconf 90' lang='lat' dir='ltr'><strong>post</strong></span> <span class='ocrx_word' id='word_1_37' title='bbox 669 804 1019 862; x_wconf 86' lang='lat' dir='ltr'><strong>sacriﬁcium.</strong></span> <span class='ocrx_word' id='word_1_38' title='bbox 1062 803 1144 860; x_wconf 89' lang='lat' dir='ltr'><strong>Tu</strong></span> <span class='ocrx_word' id='word_1_39' title='bbox 1173 803 1352 859; x_wconf 89' lang='lat' dir='ltr'><strong>adhuc</strong></span> <span class='ocrx_word' id='word_1_40' title='bbox 1373 799 1634 872; x_wconf 87' lang='lat' dir='ltr'><strong>puerulus</strong></span> <span class='ocrx_word' id='word_1_41' title='bbox 1662 815 1772 856; x_wconf 93' lang='lat' dir='ltr'><strong>non</strong></span> 
     </span>
    </p>
   </div>
   <div class='ocr_carea' id='block_1_8' title="bbox 193 891 1775 966">
    <p class='ocr_par' dir='ltr' id='par_1_8' title="bbox 193 891 1775 966">
     <span class='ocr_line' id='line_1_8' title="bbox 193 891 1775 966; baseline -0.002 -15"><span class='ocrx_word' id='word_1_42' title='bbox 193 896 376 952; x_wconf 82' lang='lat' dir='ltr'><strong>vidisti</strong></span> <span class='ocrx_word' id='word_1_43' title='bbox 418 895 620 954; x_wconf 87' lang='lat' dir='ltr'><strong>multos</strong></span> <span class='ocrx_word' id='word_1_44' title='bbox 674 898 1022 965; x_wconf 80' lang='lat' dir='ltr'><strong>sacerdotes;</strong></span> <span class='ocrx_word' id='word_1_45' title='bbox 1062 897 1245 953; x_wconf 83' lang='lat' dir='ltr'><strong>forsan</strong></span> <span class='ocrx_word' id='word_1_46' title='bbox 1293 909 1432 966; x_wconf 89' lang='lat' dir='ltr'><strong>quos</strong></span> <span class='ocrx_word' id='word_1_47' title='bbox 1476 891 1775 964; x_wconf 64' lang='lat' dir='ltr'><strong>saepissime</strong></span> 
     </span>
    </p>
   </div>
   <div class='ocr_carea' id='block_1_9' title="bbox 194 985 1775 1060">
    <p class='ocr_par' dir='ltr' id='par_1_9' title="bbox 194 985 1775 1060">
     <span class='ocr_line' id='line_1_9' title="bbox 194 985 1775 1060; baseline -0.002 -18"><span class='ocrx_word' id='word_1_48' title='bbox 194 988 377 1044; x_wconf 83' lang='lat' dir='ltr'><strong>vidisti</strong></span> <span class='ocrx_word' id='word_1_49' title='bbox 418 990 771 1048; x_wconf 84' lang='lat' dir='ltr'><strong>venatoribus</strong></span> <span class='ocrx_word' id='word_1_50' title='bbox 812 988 988 1060; x_wconf 89' lang='lat' dir='ltr'><strong>juncti</strong></span> <span class='ocrx_word' id='word_1_51' title='bbox 1037 995 1164 1044; x_wconf 88' lang='lat' dir='ltr'><strong>sunt</strong></span> <span class='ocrx_word' id='word_1_52' title='bbox 1192 1029 1208 1054; x_wconf 92' lang='lat'><strong>,</strong></span> <span class='ocrx_word' id='word_1_53' title='bbox 1251 987 1344 1057; x_wconf 90' lang='lat' dir='ltr'><strong>qui</strong></span> <span class='ocrx_word' id='word_1_54' title='bbox 1373 985 1549 1042; x_wconf 87' lang='lat' dir='ltr'><strong>solent</strong></span> <span class='ocrx_word' id='word_1_55' title='bbox 1581 999 1775 1040; x_wconf 91' lang='lat' dir='ltr'><strong>manus</strong></span> 
     </span>
    </p>
   </div>
   <div class='ocr_carea' id='block_1_10' title="bbox 195 1077 1778 1164">
    <p class='ocr_par' dir='ltr' id='par_1_10' title="bbox 195 1077 1778 1164">
     <span class='ocr_line' id='line_1_10' title="bbox 195 1077 1778 1164; baseline -0.003 -29"><span class='ocrx_word' id='word_1_56' title='bbox 195 1079 378 1138; x_wconf 89' lang='lat' dir='ltr'><strong>lavare</strong></span> <span class='ocrx_word' id='word_1_57' title='bbox 402 1097 434 1138; x_wconf 92' lang='lat' dir='ltr'><strong>a</strong></span> <span class='ocrx_word' id='word_1_58' title='bbox 458 1083 665 1140; x_wconf 85' lang='lat' dir='ltr'><strong>recenti</strong></span> <span class='ocrx_word' id='word_1_59' title='bbox 690 1083 955 1156; x_wconf 75' lang='lat' dir='ltr'><strong>sanguine</strong></span> <span class='ocrx_word' id='word_1_60' title='bbox 977 1081 1299 1137; x_wconf 87' lang='lat' dir='ltr'><strong>bubalorum</strong></span> <span class='ocrx_word' id='word_1_61' title='bbox 1315 1093 1550 1164; x_wconf 79' lang='lat' dir='ltr'><strong>suorum</strong></span> <span class='ocrx_word' id='word_1_62' title='bbox 1586 1085 1642 1132; x_wconf 88' lang='lat' dir='ltr'><strong>et</strong></span> <span class='ocrx_word' id='word_1_63' title='bbox 1662 1077 1778 1132; x_wconf 91' lang='lat' dir='ltr'><strong>hir-</strong></span> 
     </span>
    </p>
   </div>
   <div class='ocr_carea' id='block_1_11' title="bbox 193 1169 1779 1248">
    <p class='ocr_par' dir='ltr' id='par_1_11' title="bbox 193 1169 1779 1248">
     <span class='ocr_line' id='line_1_11' title="bbox 193 1169 1779 1248; baseline -0.004 -17"><span class='ocrx_word' id='word_1_64' title='bbox 193 1187 385 1231; x_wconf 89' lang='lat' dir='ltr'><strong>corum</strong></span> <span class='ocrx_word' id='word_1_65' title='bbox 414 1215 430 1242; x_wconf 95' lang='lat'><strong>,</strong></span> <span class='ocrx_word' id='word_1_66' title='bbox 455 1175 598 1231; x_wconf 88' lang='lat' dir='ltr'><strong>sicut</strong></span> <span class='ocrx_word' id='word_1_67' title='bbox 621 1183 678 1230; x_wconf 91' lang='lat' dir='ltr'><strong>et</strong></span> <span class='ocrx_word' id='word_1_68' title='bbox 703 1175 995 1248; x_wconf 84' lang='lat' dir='ltr'><strong>populares</strong></span> <span class='ocrx_word' id='word_1_69' title='bbox 1030 1172 1240 1228; x_wconf 84' lang='lat' dir='ltr'><strong>faciunt</strong></span> <span class='ocrx_word' id='word_1_70' title='bbox 1273 1171 1491 1242; x_wconf 87' lang='lat' dir='ltr'><strong>quando</strong></span> <span class='ocrx_word' id='word_1_71' title='bbox 1520 1169 1589 1226; x_wconf 90' lang='lat' dir='ltr'><strong>ad</strong></span> <span class='ocrx_word' id='word_1_72' title='bbox 1628 1183 1779 1226; x_wconf 90' lang='lat' dir='ltr'><strong>com-</strong></span> 
     </span>
    </p>
   </div>
   <div class='ocr_carea' id='block_1_12' title="bbox 193 1260 1779 1332">
    <p class='ocr_par' dir='ltr' id='par_1_12' title="bbox 193 1260 1779 1332">
     <span class='ocr_line' id='line_1_12' title="bbox 193 1260 1779 1332; baseline -0.005 -10"><span class='ocrx_word' id='word_1_73' title='bbox 193 1278 417 1322; x_wconf 89' lang='lat' dir='ltr'><strong>munem</strong></span> <span class='ocrx_word' id='word_1_74' title='bbox 443 1281 690 1322; x_wconf 87' lang='lat' dir='ltr'><strong>mensam</strong></span> <span class='ocrx_word' id='word_1_75' title='bbox 715 1263 1022 1322; x_wconf 68' lang='lat' dir='ltr'><strong>accedunt?</strong></span> <span class='ocrx_word' id='word_1_76' title='bbox 1057 1263 1178 1320; x_wconf 86' lang='lat' dir='ltr'><strong>Non</strong></span> <span class='ocrx_word' id='word_1_77' title='bbox 1204 1264 1310 1319; x_wconf 90' lang='lat' dir='ltr'><strong>hoc</strong></span> <span class='ocrx_word' id='word_1_78' title='bbox 1333 1262 1478 1329; x_wconf 88' lang='lat' dir='ltr'><strong>dico,</strong></span> <span class='ocrx_word' id='word_1_79' title='bbox 1502 1260 1646 1332; x_wconf 90' lang='lat' dir='ltr'><strong>quod</strong></span> <span class='ocrx_word' id='word_1_80' title='bbox 1670 1274 1779 1315; x_wconf 90' lang='lat' dir='ltr'><strong>non</strong></span> 
     </span>
    </p>
   </div>
   <div class='ocr_carea' id='block_1_13' title="bbox 194 1352 1780 1428">
    <p class='ocr_par' dir='ltr' id='par_1_13' title="bbox 194 1352 1780 1428">
     <span class='ocr_line' id='line_1_13' title="bbox 194 1352 1780 1428; baseline -0.004 -15"><span class='ocrx_word' id='word_1_81' title='bbox 194 1355 492 1413; x_wconf 85' lang='lat' dir='ltr'><strong>debeamus</strong></span> <span class='ocrx_word' id='word_1_82' title='bbox 544 1372 742 1428; x_wconf 91' lang='lat' dir='ltr'><strong>corpus</strong></span> <span class='ocrx_word' id='word_1_83' title='bbox 795 1357 1014 1412; x_wconf 90' lang='lat' dir='ltr'><strong>Domini</strong></span> <span class='ocrx_word' id='word_1_84' title='bbox 1073 1354 1323 1412; x_wconf 90' lang='lat' dir='ltr'><strong>venerari</strong></span> <span class='ocrx_word' id='word_1_85' title='bbox 1365 1369 1479 1426; x_wconf 67' lang='lat' dir='ltr'><strong>pra:</strong></span> <span class='ocrx_word' id='word_1_86' title='bbox 1525 1352 1780 1410; x_wconf 85' lang='lat' dir='ltr'><strong>omnibus</strong></span> 
     </span>
    </p>
   </div>
   <div class='ocr_carea' id='block_1_14' title="bbox 194 1447 1781 1522">
    <p class='ocr_par' dir='ltr' id='par_1_14' title="bbox 194 1447 1781 1522">
     <span class='ocr_line' id='line_1_14' title="bbox 194 1447 1781 1522; baseline -0.003 -16"><span class='ocrx_word' id='word_1_87' title='bbox 194 1450 526 1522; x_wconf 87' lang='lat' dir='ltr'><strong>sumptibus,</strong></span> <span class='ocrx_word' id='word_1_88' title='bbox 542 1451 639 1508; x_wconf 88' lang='lat' dir='ltr'><strong>sed</strong></span> <span class='ocrx_word' id='word_1_89' title='bbox 654 1449 800 1522; x_wconf 90' lang='lat' dir='ltr'><strong>quod</strong></span> <span class='ocrx_word' id='word_1_90' title='bbox 823 1451 870 1507; x_wconf 89' lang='lat' dir='ltr'><strong>si</strong></span> <span class='ocrx_word' id='word_1_91' title='bbox 894 1457 1214 1506; x_wconf 90' lang='lat' dir='ltr'><strong>veneratum</strong></span> <span class='ocrx_word' id='word_1_92' title='bbox 1236 1449 1405 1505; x_wconf 89' lang='lat' dir='ltr'><strong>fuerit</strong></span> <span class='ocrx_word' id='word_1_93' title='bbox 1423 1448 1493 1503; x_wconf 91' lang='lat' dir='ltr'><strong>ab</strong></span> <span class='ocrx_word' id='word_1_94' title='bbox 1521 1447 1781 1504; x_wconf 88' lang='lat' dir='ltr'><strong>interiore</strong></span> 
     </span>
    </p>
   </div>
   <div class='ocr_carea' id='block_1_15' title="bbox 195 1539 1780 1614">
    <p class='ocr_par' dir='ltr' id='par_1_15' title="bbox 195 1539 1780 1614">
     <span class='ocr_line' id='line_1_15' title="bbox 195 1539 1780 1614; baseline -0.004 -15"><span class='ocrx_word' id='word_1_95' title='bbox 195 1543 438 1608; x_wconf 90' lang='lat' dir='ltr'><strong>homine,</strong></span> <span class='ocrx_word' id='word_1_96' title='bbox 469 1542 732 1614; x_wconf 88' lang='lat' dir='ltr'><strong>quidquid</strong></span> <span class='ocrx_word' id='word_1_97' title='bbox 762 1542 1086 1598; x_wconf 86' lang='lat' dir='ltr'><strong>naturaliter</strong></span> <span class='ocrx_word' id='word_1_98' title='bbox 1130 1543 1198 1597; x_wconf 89' lang='lat' dir='ltr'><strong>ab</strong></span> <span class='ocrx_word' id='word_1_99' title='bbox 1244 1542 1514 1597; x_wconf 83' lang='lat' dir='ltr'><strong>exteriore</strong></span> <span class='ocrx_word' id='word_1_100' title='bbox 1563 1539 1780 1612; x_wconf 85' lang='lat' dir='ltr'><strong>agitur,</strong></span> 
     </span>
    </p>
   </div>
   <div class='ocr_carea' id='block_1_16' title="bbox 196 1631 1782 1704">
    <p class='ocr_par' dir='ltr' id='par_1_16' title="bbox 196 1631 1782 1704">
     <span class='ocr_line' id='line_1_16' title="bbox 196 1631 1782 1704; baseline -0.003 -14"><span class='ocrx_word' id='word_1_101' title='bbox 196 1632 485 1690; x_wconf 89' lang='lat' dir='ltr'><strong>Dominico</strong></span> <span class='ocrx_word' id='word_1_102' title='bbox 510 1632 706 1689; x_wconf 90' lang='lat' dir='ltr'><strong>honori</strong></span> <span class='ocrx_word' id='word_1_103' title='bbox 753 1632 1061 1704; x_wconf 86' lang='lat' dir='ltr'><strong>deputatur.</strong></span> <span class='ocrx_word' id='word_1_104' title='bbox 1094 1631 1352 1700; x_wconf 83' lang='lat' dir='ltr'><strong>Quamvis</strong></span> <span class='ocrx_word' id='word_1_105' title='bbox 1397 1633 1668 1704; x_wconf 80' lang='lat' dir='ltr'><strong>sagacitas</strong></span> <span class='ocrx_word' id='word_1_106' title='bbox 1694 1632 1782 1686; x_wconf 87' lang='lat' dir='ltr'><strong>in-</strong></span> 
     </span>
    </p>
   </div>
   <div class='ocr_carea' id='block_1_17' title="bbox 196 1724 1784 1796">
    <p class='ocr_par' dir='ltr' id='par_1_17' title="bbox 196 1724 1784 1796">
     <span class='ocr_line' id='line_1_17' title="bbox 196 1724 1784 1796; baseline -0.003 -15"><span class='ocrx_word' id='word_1_107' title='bbox 196 1724 383 1781; x_wconf 68' lang='lat' dir='ltr'><strong>fantiae</strong></span> <span class='ocrx_word' id='word_1_108' title='bbox 434 1733 541 1781; x_wconf 67' lang='lat' dir='ltr'><strong>ture</strong></span> <span class='ocrx_word' id='word_1_109' title='bbox 589 1724 926 1781; x_wconf 87' lang='lat' dir='ltr'><strong>nobilissima</strong></span> <span class='ocrx_word' id='word_1_110' title='bbox 974 1725 1108 1781; x_wconf 89' lang='lat' dir='ltr'><strong>mihi</strong></span> <span class='ocrx_word' id='word_1_111' title='bbox 1137 1726 1281 1796; x_wconf 84' lang='lat' dir='ltr'><strong>quod</strong></span> <span class='ocrx_word' id='word_1_112' title='bbox 1308 1724 1621 1795; x_wconf 86' lang='lat' dir='ltr'><strong>displiceret</strong></span> <span class='ocrx_word' id='word_1_113' title='bbox 1673 1736 1784 1778; x_wconf 90' lang='lat' dir='ltr'><strong>non</strong></span> 
     </span>
    </p>
   </div>
   <div class='ocr_carea' id='block_1_18' title="bbox 195 1814 1782 1886">
    <p class='ocr_par' dir='ltr' id='par_1_18' title="bbox 195 1814 1782 1886">
     <span class='ocr_line' id='line_1_18' title="bbox 195 1814 1782 1886; baseline -0.001 -17"><span class='ocrx_word' id='word_1_114' title='bbox 195 1816 532 1883; x_wconf 80' lang='lat' dir='ltr'><strong>ostenderet,</strong></span> <span class='ocrx_word' id='word_1_115' title='bbox 562 1823 769 1883; x_wconf 89' lang='lat' dir='ltr'><strong>tamen,</strong></span> <span class='ocrx_word' id='word_1_116' title='bbox 807 1823 868 1870; x_wconf 91' lang='lat' dir='ltr'><strong>ut</strong></span> <span class='ocrx_word' id='word_1_117' title='bbox 895 1831 1021 1872; x_wconf 90' lang='lat' dir='ltr'><strong>reor</strong></span> <span class='ocrx_word' id='word_1_118' title='bbox 1042 1857 1058 1884; x_wconf 98' lang='lat'><strong>,</strong></span> <span class='ocrx_word' id='word_1_119' title='bbox 1097 1817 1256 1873; x_wconf 90' lang='lat' dir='ltr'><strong>video</strong></span> <span class='ocrx_word' id='word_1_120' title='bbox 1295 1816 1439 1886; x_wconf 86' lang='lat' dir='ltr'><strong>quod</strong></span> <span class='ocrx_word' id='word_1_121' title='bbox 1463 1815 1560 1871; x_wconf 90' lang='lat' dir='ltr'><strong>tibi</strong></span> <span class='ocrx_word' id='word_1_122' title='bbox 1594 1814 1782 1886; x_wconf 90' lang='lat' dir='ltr'><strong>displi-</strong></span> 
     </span>
    </p>
   </div>
   <div class='ocr_carea' id='block_1_19' title="bbox 1873 621 3461 689">
    <p class='ocr_par' dir='ltr' id='par_1_19' title="bbox 1873 621 3461 689">
     <span class='ocr_line' id='line_1_19' title="bbox 1873 621 3461 689; baseline 0.005 -17"><span class='ocrx_word' id='word_1_123' title='bbox 1873 631 2074 686; x_wconf 91' lang='lat' dir='ltr'><strong>corpus</strong></span> <span class='ocrx_word' id='word_1_124' title='bbox 2103 631 2259 672; x_wconf 89' lang='lat' dir='ltr'><strong>suum</strong></span> <span class='ocrx_word' id='word_1_125' title='bbox 2284 633 2384 689; x_wconf 91' lang='lat' dir='ltr'><strong>per</strong></span> <span class='ocrx_word' id='word_1_126' title='bbox 2409 626 2561 674; x_wconf 88' lang='lat' dir='ltr'><strong>artus</strong></span> <span class='ocrx_word' id='word_1_127' title='bbox 2601 627 2656 675; x_wconf 92' lang='lat' dir='ltr'><strong>et</strong></span> <span class='ocrx_word' id='word_1_128' title='bbox 2685 634 2853 676; x_wconf 81' lang='lat' dir='ltr'><strong>venas</strong></span> <span class='ocrx_word' id='word_1_129' title='bbox 2894 621 3196 678; x_wconf 68' lang='lat' dir='ltr'><strong>diffundere</strong></span> <span class='ocrx_word' id='word_1_130' title='bbox 3219 624 3288 679; x_wconf 90' lang='lat' dir='ltr'><strong>ad</strong></span> <span class='ocrx_word' id='word_1_131' title='bbox 3314 624 3461 680; x_wconf 91' lang='lat' dir='ltr'><strong>salu-</strong></span> 
     </span>
    </p>
   </div>
   <div class='ocr_carea' id='block_1_20' title="bbox 1874 707 3462 789">
    <p class='ocr_par' dir='ltr' id='par_1_20' title="bbox 1874 707 3462 789">
     <span class='ocr_line' id='line_1_20' title="bbox 1874 707 3462 789; baseline 0.009 -28"><span class='ocrx_word' id='word_1_132' title='bbox 1874 715 1986 762; x_wconf 86' lang='lat' dir='ltr'><strong>tem</strong></span> <span class='ocrx_word' id='word_1_133' title='bbox 2011 707 2167 764; x_wconf 91' lang='lat' dir='ltr'><strong>nobis</strong></span> <span class='ocrx_word' id='word_1_134' title='bbox 2194 716 2473 765; x_wconf 82' lang='lat' dir='ltr'><strong>aeternam.</strong></span> <span class='ocrx_word' id='word_1_135' title='bbox 2518 709 2636 781; x_wconf 90' lang='lat' dir='ltr'><strong>lpse</strong></span> <span class='ocrx_word' id='word_1_136' title='bbox 2685 711 2830 767; x_wconf 89' lang='lat' dir='ltr'><strong>enim</strong></span> <span class='ocrx_word' id='word_1_137' title='bbox 2860 713 2997 769; x_wconf 81' lang='lat' dir='ltr'><strong>dixit</strong></span> <span class='ocrx_word' id='word_1_138' title='bbox 3023 717 3239 786; x_wconf 88' lang='lat' dir='ltr'><strong>quando</strong></span> <span class='ocrx_word' id='word_1_139' title='bbox 3265 732 3462 789; x_wconf 90' lang='lat' dir='ltr'><strong>panem</strong></span> 
     </span>
    </p>
   </div>
   <div class='ocr_carea' id='block_1_21' title="bbox 1875 797 3462 880">
    <p class='ocr_par' dir='ltr' id='par_1_21' title="bbox 1875 797 3462 880">
     <span class='ocr_line' id='line_1_21' title="bbox 1875 797 3462 880; baseline 0.01 -30"><span class='ocrx_word' id='word_1_140' title='bbox 1875 797 2102 853; x_wconf 86' lang='lat' dir='ltr'><strong>tradidit</strong></span> <span class='ocrx_word' id='word_1_141' title='bbox 2135 799 2394 870; x_wconf 89' lang='lat' dir='ltr'><strong>apostolis</strong></span> <span class='ocrx_word' id='word_1_142' title='bbox 2424 819 2436 854; x_wconf 89' lang='lat'>:</span> <span class='ocrx_word' id='word_1_143' title='bbox 2469 799 2585 856; x_wconf 86' lang='lat' dir='ltr'><strong>Hoc</strong></span> <span class='ocrx_word' id='word_1_144' title='bbox 2626 811 2700 857; x_wconf 90' lang='lat' dir='ltr'><strong>est</strong></span> <span class='ocrx_word' id='word_1_145' title='bbox 2745 819 2934 874; x_wconf 84' lang='lat' dir='ltr'><strong>corpus</strong></span> <span class='ocrx_word' id='word_1_146' title='bbox 2978 823 3151 861; x_wconf 89' lang='lat' dir='ltr'><strong>meum</strong></span> <span class='ocrx_word' id='word_1_147' title='bbox 3192 810 3333 879; x_wconf 88' lang='lat' dir='ltr'><strong>quod</strong></span> <span class='ocrx_word' id='word_1_148' title='bbox 3365 827 3462 880; x_wconf 85' lang='lat' dir='ltr'><strong>pro</strong></span> 
     </span>
    </p>
   </div>
   <div class='ocr_carea' id='block_1_22' title="bbox 1877 887 3465 970">
    <p class='ocr_par' dir='ltr' id='par_1_22' title="bbox 1877 887 3465 970">
     <span class='ocr_line' id='line_1_22' title="bbox 1877 887 3465 970; baseline 0.009 -28"><span class='ocrx_word' id='word_1_149' title='bbox 1877 887 2022 943; x_wconf 80' lang='lat' dir='ltr'><strong>vobis</strong></span> <span class='ocrx_word' id='word_1_150' title='bbox 2051 890 2295 944; x_wconf 84' lang='lat' dir='ltr'><strong>tradetur</strong></span> <span class='ocrx_word' id='word_1_151' title='bbox 2321 890 2475 962; x_wconf 90' lang='lat' dir='ltr'><strong>(Luc.</strong></span> <span class='ocrx_word' id='word_1_152' title='bbox 2507 905 2646 961; x_wconf 81' lang='lat' dir='ltr'><strong>xm,</strong></span> <span class='ocrx_word' id='word_1_153' title='bbox 2671 893 2780 966; x_wconf 83' lang='grc'><strong>19).</strong></span> <span class='ocrx_word' id='word_1_154' title='bbox 2807 892 2978 950; x_wconf 90' lang='lat' dir='ltr'><strong>Suum</strong></span> <span class='ocrx_word' id='word_1_155' title='bbox 3023 912 3220 969; x_wconf 89' lang='lat' dir='ltr'><strong>corpus</strong></span> <span class='ocrx_word' id='word_1_156' title='bbox 3247 901 3465 970; x_wconf 91' lang='lat' dir='ltr'><strong>quando</strong></span> 
     </span>
    </p>
   </div>
   <div class='ocr_carea' id='block_1_23' title="bbox 1877 981 3467 1064">
    <p class='ocr_par' dir='ltr' id='par_1_23' title="bbox 1877 981 3467 1064">
     <span class='ocr_line' id='line_1_23' title="bbox 1877 981 3467 1064; baseline 0.01 -30"><span class='ocrx_word' id='word_1_157' title='bbox 1877 981 2088 1048; x_wconf 91' lang='lat' dir='ltr'><strong>voluit,</strong></span> <span class='ocrx_word' id='word_1_158' title='bbox 2116 990 2171 1038; x_wconf 92' lang='lat' dir='ltr'><strong>et</strong></span> <span class='ocrx_word' id='word_1_159' title='bbox 2199 984 2416 1053; x_wconf 88' lang='lat' dir='ltr'><strong>quando</strong></span> <span class='ocrx_word' id='word_1_160' title='bbox 2443 985 2558 1040; x_wconf 86' lang='lat' dir='ltr'><strong>vult</strong></span> <span class='ocrx_word' id='word_1_161' title='bbox 2583 985 2640 1041; x_wconf 93' lang='lat' dir='ltr'><strong>in</strong></span> <span class='ocrx_word' id='word_1_162' title='bbox 2663 995 2809 1042; x_wconf 90' lang='lat' dir='ltr'><strong>terra</strong></span> <span class='ocrx_word' id='word_1_163' title='bbox 2832 999 3100 1045; x_wconf 79' lang='lat' dir='ltr'><strong>versatur.</strong></span> <span class='ocrx_word' id='word_1_164' title='bbox 3134 991 3310 1047; x_wconf 82' lang='lat' dir='ltr'><strong>Etiam</strong></span> <span class='ocrx_word' id='word_1_165' title='bbox 3341 1003 3467 1064; x_wconf 89' lang='lat' dir='ltr'><strong>post</strong></span> 
     </span>
    </p>
   </div>
   <div class='ocr_carea' id='block_1_24' title="bbox 1878 1071 3468 1153">
    <p class='ocr_par' dir='ltr' id='par_1_24' title="bbox 1878 1071 3468 1153">
     <span class='ocr_line' id='line_1_24' title="bbox 1878 1071 3468 1153; baseline 0.008 -26"><span class='ocrx_word' id='word_1_166' title='bbox 1878 1071 2270 1130; x_wconf 79' lang='lat' dir='ltr'><strong>Ascensionem</strong></span> <span class='ocrx_word' id='word_1_167' title='bbox 2293 1091 2446 1132; x_wconf 91' lang='lat' dir='ltr'><strong>suam</strong></span> <span class='ocrx_word' id='word_1_168' title='bbox 2471 1093 2582 1134; x_wconf 92' lang='lat' dir='ltr'><strong>non</strong></span> <span class='ocrx_word' id='word_1_169' title='bbox 2603 1078 2926 1151; x_wconf 79' lang='lat' dir='ltr'><strong>dedignatus</strong></span> <span class='ocrx_word' id='word_1_170' title='bbox 2955 1096 3014 1136; x_wconf 91' lang='lat' dir='ltr'><strong>se</strong></span> <span class='ocrx_word' id='word_1_171' title='bbox 3035 1080 3202 1139; x_wconf 89' lang='lat' dir='ltr'><strong>Paulo</strong></span> <span class='ocrx_word' id='word_1_172' title='bbox 3224 1085 3468 1153; x_wconf 89' lang='lat' dir='ltr'><strong>apostolo</strong></span> 
     </span>
    </p>
   </div>
   <div class='ocr_carea' id='block_1_25' title="bbox 1880 1169 3465 1246">
    <p class='ocr_par' dir='ltr' id='par_1_25' title="bbox 1880 1169 3465 1246">
     <span class='ocr_line' id='line_1_25' title="bbox 1880 1169 3465 1246; baseline 0.008 -24"><span class='ocrx_word' id='word_1_173' title='bbox 1880 1175 2190 1224; x_wconf 89' lang='lat' dir='ltr'><strong>monstrare</strong></span> <span class='ocrx_word' id='word_1_174' title='bbox 2218 1169 2274 1224; x_wconf 92' lang='lat' dir='ltr'><strong>in</strong></span> <span class='ocrx_word' id='word_1_175' title='bbox 2301 1170 2502 1242; x_wconf 85' lang='lat' dir='ltr'><strong>templo</strong></span> <span class='ocrx_word' id='word_1_176' title='bbox 2530 1170 2886 1245; x_wconf 85' lang='lat' dir='ltr'><strong>Jerosolymis</strong></span> <span class='ocrx_word' id='word_1_177' title='bbox 2907 1177 3048 1246; x_wconf 91' lang='lat' dir='ltr'><strong>quod</strong></span> <span class='ocrx_word' id='word_1_178' title='bbox 3075 1186 3195 1233; x_wconf 89' lang='lat' dir='ltr'><strong>erat</strong></span> <span class='ocrx_word' id='word_1_179' title='bbox 3213 1179 3268 1233; x_wconf 84' lang='lat' dir='ltr'><strong>in</strong></span> <span class='ocrx_word' id='word_1_180' title='bbox 3287 1187 3465 1234; x_wconf 90' lang='lat' dir='ltr'><strong>terra:</strong></span> 
     </span>
    </p>
   </div>
   <div class='ocr_carea' id='block_1_26' title="bbox 1882 1255 3472 1341">
    <p class='ocr_par' dir='ltr' id='par_1_26' title="bbox 1882 1255 3472 1341">
     <span class='ocr_line' id='line_1_26' title="bbox 1882 1255 3472 1341; baseline 0.009 -31"><span class='ocrx_word' id='word_1_181' title='bbox 1882 1255 2097 1314; x_wconf 79' lang='lat' dir='ltr'><strong>Domini</strong></span> <span class='ocrx_word' id='word_1_182' title='bbox 2126 1268 2202 1314; x_wconf 84' lang='lat' dir='ltr'><strong>est</strong></span> <span class='ocrx_word' id='word_1_183' title='bbox 2229 1269 2372 1315; x_wconf 90' lang='lat' dir='ltr'><strong>terra</strong></span> <span class='ocrx_word' id='word_1_184' title='bbox 2401 1272 2450 1317; x_wconf 90' lang='lat' dir='ltr'><strong>et</strong></span> <span class='ocrx_word' id='word_1_185' title='bbox 2475 1263 2748 1334; x_wconf 77' lang='lat' dir='ltr'><strong>plenitudo</strong></span> <span class='ocrx_word' id='word_1_186' title='bbox 2775 1266 2891 1336; x_wconf 85' lang='lat' dir='ltr'><strong>ejus</strong></span> <span class='ocrx_word' id='word_1_187' title='bbox 2921 1265 3096 1339; x_wconf 86' lang='lat' dir='ltr'><strong>(Psal.</strong></span> <span class='ocrx_word' id='word_1_188' title='bbox 3133 1269 3310 1341; x_wconf 78' lang='lat' dir='ltr'><strong>xxiii).</strong></span> <span class='ocrx_word' id='word_1_189' title='bbox 3342 1269 3472 1327; x_wconf 91' lang='lat' dir='ltr'><strong>Om-</strong></span> 
     </span>
    </p>
   </div>
   <div class='ocr_carea' id='block_1_27' title="bbox 1881 1346 3472 1414">
    <p class='ocr_par' dir='ltr' id='par_1_27' title="bbox 1881 1346 3472 1414">
     <span class='ocr_line' id='line_1_27' title="bbox 1881 1346 3472 1414; baseline 0.008 -13"><span class='ocrx_word' id='word_1_190' title='bbox 1881 1346 1970 1403; x_wconf 88' lang='lat' dir='ltr'><strong>nis</strong></span> <span class='ocrx_word' id='word_1_191' title='bbox 2028 1354 2174 1403; x_wconf 87' lang='lat' dir='ltr'><strong>terra</strong></span> <span class='ocrx_word' id='word_1_192' title='bbox 2224 1349 2282 1404; x_wconf 90' lang='lat' dir='ltr'><strong>in</strong></span> <span class='ocrx_word' id='word_1_193' title='bbox 2337 1364 2433 1405; x_wconf 90' lang='lat' dir='ltr'><strong>sua</strong></span> <span class='ocrx_word' id='word_1_194' title='bbox 2477 1352 2785 1410; x_wconf 92' lang='lat' dir='ltr'><strong>conditione</strong></span> <span class='ocrx_word' id='word_1_195' title='bbox 2844 1357 3148 1412; x_wconf 88' lang='lat' dir='ltr'><strong>consistens</strong></span> <span class='ocrx_word' id='word_1_196' title='bbox 3200 1357 3472 1414; x_wconf 90' lang='lat' dir='ltr'><strong>benedicit</strong></span> 
     </span>
    </p>
   </div>
   <div class='ocr_carea' id='block_1_28' title="bbox 1884 1437 3472 1518">
    <p class='ocr_par' dir='ltr' id='par_1_28' title="bbox 1884 1437 3472 1518">
     <span class='ocr_line' id='line_1_28' title="bbox 1884 1437 3472 1518; baseline 0.008 -25"><span class='ocrx_word' id='word_1_197' title='bbox 1884 1437 2134 1494; x_wconf 93' lang='lat' dir='ltr'><strong>Domino.</strong></span> <span class='ocrx_word' id='word_1_198' title='bbox 2162 1438 2286 1496; x_wconf 87' lang='lat' dir='ltr'><strong>Sola</strong></span> <span class='ocrx_word' id='word_1_199' title='bbox 2313 1440 2455 1497; x_wconf 90' lang='lat' dir='ltr'><strong>mala</strong></span> <span class='ocrx_word' id='word_1_200' title='bbox 2480 1442 2731 1500; x_wconf 84' lang='lat' dir='ltr'><strong>voluntas</strong></span> <span class='ocrx_word' id='word_1_201' title='bbox 2757 1443 2888 1502; x_wconf 80' lang='lat' dir='ltr'><strong>facit</strong></span> <span class='ocrx_word' id='word_1_202' title='bbox 2907 1461 3004 1503; x_wconf 90' lang='lat' dir='ltr'><strong>vas</strong></span> <span class='ocrx_word' id='word_1_203' title='bbox 3030 1463 3185 1502; x_wconf 90' lang='lat' dir='ltr'><strong>suum</strong></span> <span class='ocrx_word' id='word_1_204' title='bbox 3209 1449 3472 1518; x_wconf 91' lang='lat' dir='ltr'><strong>pollutum</strong></span> 
     </span>
    </p>
   </div>
   <div class='ocr_carea' id='block_1_29' title="bbox 1886 1531 3474 1611">
    <p class='ocr_par' dir='ltr' id='par_1_29' title="bbox 1886 1531 3474 1611">
     <span class='ocr_line' id='line_1_29' title="bbox 1886 1531 3474 1611; baseline 0.008 -25"><span class='ocrx_word' id='word_1_205' title='bbox 1886 1531 1955 1588; x_wconf 89' lang='lat' dir='ltr'><strong>ad</strong></span> <span class='ocrx_word' id='word_1_206' title='bbox 1983 1532 2386 1605; x_wconf 90' lang='lat' dir='ltr'><strong>suscipiendum</strong></span> <span class='ocrx_word' id='word_1_207' title='bbox 2423 1535 2736 1595; x_wconf 90' lang='lat' dir='ltr'><strong>Dominum.</strong></span> <span class='ocrx_word' id='word_1_208' title='bbox 2765 1539 2892 1600; x_wconf 66' lang='lat' dir='ltr'><strong>Haec</strong></span> <span class='ocrx_word' id='word_1_209' title='bbox 2927 1549 3214 1611; x_wconf 82' lang='lat' dir='ltr'><strong>propterea</strong></span> <span class='ocrx_word' id='word_1_210' title='bbox 3249 1543 3391 1609; x_wconf 85' lang='lat' dir='ltr'><strong>dico,</strong></span> <span class='ocrx_word' id='word_1_211' title='bbox 3413 1550 3474 1598; x_wconf 91' lang='lat' dir='ltr'><strong>ut</strong></span> 
     </span>
    </p>
   </div>
   <div class='ocr_carea' id='block_1_30' title="bbox 1887 1622 3476 1698">
    <p class='ocr_par' dir='ltr' id='par_1_30' title="bbox 1887 1622 3476 1698">
     <span class='ocr_line' id='line_1_30' title="bbox 1887 1622 3476 1698; baseline 0.009 -21"><span class='ocrx_word' id='word_1_212' title='bbox 1887 1622 1935 1678; x_wconf 89' lang='lat' dir='ltr'><strong>si</strong></span> <span class='ocrx_word' id='word_1_213' title='bbox 1960 1622 2101 1679; x_wconf 85' lang='lat' dir='ltr'><strong>forte</strong></span> <span class='ocrx_word' id='word_1_214' title='bbox 2136 1640 2223 1680; x_wconf 92' lang='lat' dir='ltr'><strong>me</strong></span> <span class='ocrx_word' id='word_1_215' title='bbox 2256 1627 2574 1698; x_wconf 78' lang='lat' dir='ltr'><strong>ignorante,</strong></span> <span class='ocrx_word' id='word_1_216' title='bbox 2609 1640 2700 1686; x_wconf 90' lang='lat' dir='ltr'><strong>aut</strong></span> <span class='ocrx_word' id='word_1_217' title='bbox 2723 1646 2832 1686; x_wconf 91' lang='lat' dir='ltr'><strong>non</strong></span> <span class='ocrx_word' id='word_1_218' title='bbox 2879 1634 3249 1690; x_wconf 85' lang='lat' dir='ltr'><strong>consentiente</strong></span> <span class='ocrx_word' id='word_1_219' title='bbox 3279 1636 3476 1691; x_wconf 82' lang='lat' dir='ltr'><strong>exierit</strong></span> 
     </span>
    </p>
   </div>
   <div class='ocr_carea' id='block_1_31' title="bbox 1888 1715 3474 1797">
    <p class='ocr_par' dir='ltr' id='par_1_31' title="bbox 1888 1715 3474 1797">
     <span class='ocr_line' id='line_1_31' title="bbox 1888 1715 3474 1797; baseline 0.009 -28"><span class='ocrx_word' id='word_1_220' title='bbox 1888 1715 1956 1770; x_wconf 88' lang='lat' dir='ltr'><strong>de</strong></span> <span class='ocrx_word' id='word_1_221' title='bbox 1988 1730 2084 1771; x_wconf 90' lang='lat' dir='ltr'><strong>ore</strong></span> <span class='ocrx_word' id='word_1_222' title='bbox 2114 1733 2237 1772; x_wconf 91' lang='lat' dir='ltr'><strong>meo</strong></span> <span class='ocrx_word' id='word_1_223' title='bbox 2259 1733 2326 1773; x_wconf 83' lang='lat' dir='ltr'><strong>ex</strong></span> <span class='ocrx_word' id='word_1_224' title='bbox 2371 1736 2598 1792; x_wconf 90' lang='lat' dir='ltr'><strong>corpore</strong></span> <span class='ocrx_word' id='word_1_225' title='bbox 2629 1723 2875 1791; x_wconf 90' lang='lat' dir='ltr'><strong>Domini,</strong></span> <span class='ocrx_word' id='word_1_226' title='bbox 2912 1741 3022 1781; x_wconf 90' lang='lat' dir='ltr'><strong>non</strong></span> <span class='ocrx_word' id='word_1_227' title='bbox 3052 1743 3138 1782; x_wconf 91' lang='lat' dir='ltr'><strong>me</strong></span> <span class='ocrx_word' id='word_1_228' title='bbox 3161 1736 3319 1797; x_wconf 90' lang='lat' dir='ltr'><strong>putes</strong></span> <span class='ocrx_word' id='word_1_229' title='bbox 3339 1729 3474 1785; x_wconf 87' lang='lat' dir='ltr'><strong>alie-</strong></span> 
     </span>
    </p>
   </div>
   <div class='ocr_carea' id='block_1_32' title="bbox 1889 1811 3476 1888">
    <p class='ocr_par' dir='ltr' id='par_1_32' title="bbox 1889 1811 3476 1888">
     <span class='ocr_line' id='line_1_32' title="bbox 1889 1811 3476 1888; baseline 0.008 -24"><span class='ocrx_word' id='word_1_230' title='bbox 1889 1825 2018 1865; x_wconf 91' lang='lat' dir='ltr'><strong>num</strong></span> <span class='ocrx_word' id='word_1_231' title='bbox 2045 1826 2076 1864; x_wconf 91' lang='lat' dir='ltr'><strong>a</strong></span> <span class='ocrx_word' id='word_1_232' title='bbox 2096 1811 2356 1884; x_wconf 82' lang='lat' dir='ltr'><strong>religione</strong></span> <span class='ocrx_word' id='word_1_233' title='bbox 2377 1814 2705 1883; x_wconf 87' lang='lat' dir='ltr'><strong>Christiana,</strong></span> <span class='ocrx_word' id='word_1_234' title='bbox 2723 1817 2878 1888; x_wconf 85' lang='lat' dir='ltr'><strong>quasi</strong></span> <span class='ocrx_word' id='word_1_235' title='bbox 2900 1821 3228 1888; x_wconf 89' lang='lat' dir='ltr'><strong>contemptui</strong></span> <span class='ocrx_word' id='word_1_236' title='bbox 3248 1821 3476 1876; x_wconf 86' lang='lat' dir='ltr'><strong>habeam</strong></span> 
     </span>
    </p>
   </div>
   <div class='ocr_carea' id='block_1_33' title="bbox 197 1907 3477 1987">
    <p class='ocr_par' dir='ltr' id='par_1_33' title="bbox 197 1907 3477 1987">
     <span class='ocr_line' id='line_1_33' title="bbox 197 1907 3477 1987; baseline 0.002 -22"><span class='ocrx_word' id='word_1_237' title='bbox 197 1920 322 1966; x_wconf 90' lang='lat' dir='ltr'><strong>ceat</strong></span> <span class='ocrx_word' id='word_1_238' title='bbox 365 1923 490 1965; x_wconf 89' lang='lat' dir='ltr'><strong>meo</strong></span> <span class='ocrx_word' id='word_1_239' title='bbox 533 1917 716 1980; x_wconf 91' lang='lat' dir='ltr'><strong>sputo,</strong></span> <span class='ocrx_word' id='word_1_240' title='bbox 766 1908 870 1964; x_wconf 92' lang='lat' dir='ltr'><strong>hoc</strong></span> <span class='ocrx_word' id='word_1_241' title='bbox 920 1917 1022 1976; x_wconf 89' lang='lat' dir='ltr'><strong>est,</strong></span> <span class='ocrx_word' id='word_1_242' title='bbox 1075 1909 1231 1980; x_wconf 89' lang='lat' dir='ltr'><strong>quasi</strong></span> <span class='ocrx_word' id='word_1_243' title='bbox 1284 1917 1556 1980; x_wconf 92' lang='lat' dir='ltr'><strong>sumptum</strong></span> <span class='ocrx_word' id='word_1_244' title='bbox 1591 1923 1787 1979; x_wconf 87' lang='lat' dir='ltr'><strong>corpus</strong></span> <span class='ocrx_word' id='word_1_245' title='bbox 1814 1912 1862 1972; x_wconf 89' lang='lat' dir='ltr'><strong>B</strong></span> <span class='ocrx_word' id='word_1_246' title='bbox 1890 1919 2087 1978; x_wconf 91' lang='lat' dir='ltr'><strong>corpus</strong></span> <span class='ocrx_word' id='word_1_247' title='bbox 2114 1907 2327 1963; x_wconf 90' lang='lat' dir='ltr'><strong>Domini</strong></span> <span class='ocrx_word' id='word_1_248' title='bbox 2363 1909 2501 1976; x_wconf 90' lang='lat' dir='ltr'><strong>mei;</strong></span> <span class='ocrx_word' id='word_1_249' title='bbox 2552 1920 2646 1967; x_wconf 89' lang='lat' dir='ltr'><strong>aut</strong></span> <span class='ocrx_word' id='word_1_250' title='bbox 2683 1913 2860 1982; x_wconf 91' lang='lat' dir='ltr'><strong>ipsum</strong></span> <span class='ocrx_word' id='word_1_251' title='bbox 2892 1912 3020 1969; x_wconf 91' lang='lat' dir='ltr'><strong>illuc</strong></span> <span class='ocrx_word' id='word_1_252' title='bbox 3067 1914 3333 1986; x_wconf 80' lang='lat' dir='ltr'><strong>dirigatur</strong></span> <span class='ocrx_word' id='word_1_253' title='bbox 3367 1931 3477 1987; x_wconf 88' lang='lat' dir='ltr'><strong>quo</strong></span> 
     </span>
    </p>
   </div>
   <div class='ocr_carea' id='block_1_34' title="bbox 197 1997 1786 2073">
    <p class='ocr_par' dir='ltr' id='par_1_34' title="bbox 197 1997 1786 2073">
     <span class='ocr_line' id='line_1_34' title="bbox 197 1997 1786 2073; baseline -0.001 -15"><span class='ocrx_word' id='word_1_254' title='bbox 197 2001 360 2058; x_wconf 89' lang='lat' dir='ltr'><strong>simul</strong></span> <span class='ocrx_word' id='word_1_255' title='bbox 381 2017 504 2058; x_wconf 92' lang='lat' dir='ltr'><strong>cum</strong></span> <span class='ocrx_word' id='word_1_256' title='bbox 523 2010 682 2072; x_wconf 90' lang='lat' dir='ltr'><strong>sputo</strong></span> <span class='ocrx_word' id='word_1_257' title='bbox 703 1997 1008 2073; x_wconf 86' lang='lat' dir='ltr'><strong>projiciam.</strong></span> <span class='ocrx_word' id='word_1_258' title='bbox 1024 2000 1150 2068; x_wconf 88' lang='lat' dir='ltr'><strong>Fili,</strong></span> <span class='ocrx_word' id='word_1_259' title='bbox 1167 2017 1274 2058; x_wconf 92' lang='lat' dir='ltr'><strong>non</strong></span> <span class='ocrx_word' id='word_1_260' title='bbox 1300 2001 1375 2056; x_wconf 86' lang='lat' dir='ltr'><strong>ita</strong></span> <span class='ocrx_word' id='word_1_261' title='bbox 1398 2009 1550 2056; x_wconf 91' lang='lat' dir='ltr'><strong>retur</strong></span> <span class='ocrx_word' id='word_1_262' title='bbox 1571 2002 1786 2057; x_wconf 90' lang='lat' dir='ltr'><strong>animus</strong></span> 
     </span>
    </p>
   </div>
   <div class='ocr_carea' id='block_1_35' title="bbox 195 2091 1786 2167">
    <p class='ocr_par' dir='ltr' id='par_1_35' title="bbox 195 2091 1786 2167">
     <span class='ocr_line' id='line_1_35' title="bbox 195 2091 1786 2167; baseline -0.001 -19"><span class='ocrx_word' id='word_1_263' title='bbox 195 2093 373 2167; x_wconf 88' lang='lat' dir='ltr'><strong>patris</strong></span> <span class='ocrx_word' id='word_1_264' title='bbox 399 2093 477 2149; x_wconf 92' lang='lat' dir='ltr'><strong>tui</strong></span> <span class='ocrx_word' id='word_1_265' title='bbox 511 2111 525 2148; x_wconf 91' lang='lat'><strong>:</strong></span> <span class='ocrx_word' id='word_1_266' title='bbox 558 2092 710 2150; x_wconf 90' lang='lat' dir='ltr'><strong>illum</strong></span> <span class='ocrx_word' id='word_1_267' title='bbox 737 2109 934 2164; x_wconf 90' lang='lat' dir='ltr'><strong>precor</strong></span> <span class='ocrx_word' id='word_1_268' title='bbox 959 2093 1051 2163; x_wconf 92' lang='lat' dir='ltr'><strong>qui</strong></span> <span class='ocrx_word' id='word_1_269' title='bbox 1083 2093 1214 2149; x_wconf 88' lang='lat' dir='ltr'><strong>dicit</strong></span> <span class='ocrx_word' id='word_1_270' title='bbox 1240 2092 1530 2148; x_wconf 90' lang='lat' dir='ltr'><strong>Psalmista</strong></span> <span class='ocrx_word' id='word_1_271' title='bbox 1561 2112 1574 2148; x_wconf 88' lang='lat'><strong>:</strong></span> <span class='ocrx_word' id='word_1_272' title='bbox 1605 2091 1786 2146; x_wconf 88' lang='lat' dir='ltr'><strong>Forti-</strong></span> 
     </span>
    </p>
   </div>
   <div class='ocr_carea' id='block_1_36' title="bbox 195 2184 1786 2260">
    <p class='ocr_par' dir='ltr' id='par_1_36' title="bbox 195 2184 1786 2260">
     <span class='ocr_line' id='line_1_36' title="bbox 195 2184 1786 2260; baseline -0.002 -17"><span class='ocrx_word' id='word_1_273' title='bbox 195 2188 434 2243; x_wconf 77' lang='lat' dir='ltr'><strong>tudinem</strong></span> <span class='ocrx_word' id='word_1_274' title='bbox 455 2203 626 2242; x_wconf 88' lang='lat' dir='ltr'><strong>meam</strong></span> <span class='ocrx_word' id='word_1_275' title='bbox 650 2187 720 2241; x_wconf 91' lang='lat' dir='ltr'><strong>ad</strong></span> <span class='ocrx_word' id='word_1_276' title='bbox 750 2195 800 2242; x_wconf 89' lang='lat' dir='ltr'><strong>te</strong></span> <span class='ocrx_word' id='word_1_277' title='bbox 827 2187 1120 2242; x_wconf 79' lang='lat' dir='ltr'><strong>custodiam</strong></span> <span class='ocrx_word' id='word_1_278' title='bbox 1149 2184 1322 2259; x_wconf 81' lang='lat' dir='ltr'><strong>(Psal.</strong></span> <span class='ocrx_word' id='word_1_279' title='bbox 1347 2202 1499 2253; x_wconf 81' lang='lat' dir='ltr'><strong>mn,</strong></span> <span class='ocrx_word' id='word_1_280' title='bbox 1523 2186 1634 2260; x_wconf 80' lang='grc'><strong>10).</strong></span> <span class='ocrx_word' id='word_1_281' title='bbox 1665 2185 1786 2240; x_wconf 83' lang='lat' dir='ltr'><strong>Fle-</strong></span> 
     </span>
    </p>
   </div>
   <div class='ocr_carea' id='block_1_37' title="bbox 195 2280 1787 2353">
    <p class='ocr_par' dir='ltr' id='par_1_37' title="bbox 195 2280 1787 2353">
     <span class='ocr_line' id='line_1_37' title="bbox 195 2280 1787 2353; baseline 0 -17"><span class='ocrx_word' id='word_1_282' title='bbox 195 2281 678 2353; x_wconf 86' lang='lat' dir='ltr'><strong>gmaticus-bomo</strong></span> <span class='ocrx_word' id='word_1_283' title='bbox 725 2281 771 2336; x_wconf 90' lang='lat' dir='ltr'><strong>si</strong></span> <span class='ocrx_word' id='word_1_284' title='bbox 818 2280 1086 2338; x_wconf 90' lang='lat' dir='ltr'><strong>studuerit</strong></span> <span class='ocrx_word' id='word_1_285' title='bbox 1127 2281 1352 2336; x_wconf 87' lang='lat' dir='ltr'><strong>sanitati</strong></span> <span class='ocrx_word' id='word_1_286' title='bbox 1398 2296 1544 2344; x_wconf 83' lang='lat' dir='ltr'><strong>suae,</strong></span> <span class='ocrx_word' id='word_1_287' title='bbox 1591 2281 1787 2351; x_wconf 62' lang='lat' dir='ltr'><strong>sapius</strong></span> 
     </span>
    </p>
   </div>
   <div class='ocr_carea' id='block_1_38' title="bbox 195 2370 1788 2445">
    <p class='ocr_par' dir='ltr' id='par_1_38' title="bbox 195 2370 1788 2445">
     <span class='ocr_line' id='line_1_38' title="bbox 195 2370 1788 2445; baseline -0.002 -16"><span class='ocrx_word' id='word_1_288' title='bbox 195 2374 416 2430; x_wconf 87' lang='lat' dir='ltr'><strong>curabit</strong></span> <span class='ocrx_word' id='word_1_289' title='bbox 455 2371 649 2445; x_wconf 86' lang='lat' dir='ltr'><strong>ﬂegma</strong></span> <span class='ocrx_word' id='word_1_290' title='bbox 691 2371 906 2441; x_wconf 88' lang='lat' dir='ltr'><strong>ejicere.</strong></span> <span class='ocrx_word' id='word_1_291' title='bbox 954 2371 1074 2426; x_wconf 83' lang='lat' dir='ltr'><strong>Non</strong></span> <span class='ocrx_word' id='word_1_292' title='bbox 1124 2382 1208 2428; x_wconf 92' lang='lat' dir='ltr'><strong>est</strong></span> <span class='ocrx_word' id='word_1_293' title='bbox 1236 2372 1542 2442; x_wconf 87' lang='lat' dir='ltr'><strong>prohibitus</strong></span> <span class='ocrx_word' id='word_1_294' title='bbox 1567 2370 1788 2443; x_wconf 81' lang='lat' dir='ltr'><strong>ﬁegma-</strong></span> 
     </span>
    </p>
   </div>
   <div class='ocr_carea' id='block_1_39' title="bbox 196 2462 1788 2533">
    <p class='ocr_par' dir='ltr' id='par_1_39' title="bbox 196 2462 1788 2533">
     <span class='ocr_line' id='line_1_39' title="bbox 196 2462 1788 2533; baseline 0 -14"><span class='ocrx_word' id='word_1_295' title='bbox 196 2465 341 2520; x_wconf 91' lang='lat' dir='ltr'><strong>ticus</strong></span> <span class='ocrx_word' id='word_1_296' title='bbox 368 2479 402 2518; x_wconf 90' lang='lat' dir='ltr'><strong>a</strong></span> <span class='ocrx_word' id='word_1_297' title='bbox 436 2463 776 2533; x_wconf 90' lang='lat' dir='ltr'><strong>promotione</strong></span> <span class='ocrx_word' id='word_1_298' title='bbox 828 2478 1108 2519; x_wconf 89' lang='lat' dir='ltr'><strong>sacrorum</strong></span> <span class='ocrx_word' id='word_1_299' title='bbox 1157 2463 1430 2518; x_wconf 91' lang='lat' dir='ltr'><strong>ordinum.</strong></span> <span class='ocrx_word' id='word_1_300' title='bbox 1476 2462 1595 2519; x_wconf 86' lang='lat' dir='ltr'><strong>Non</strong></span> <span class='ocrx_word' id='word_1_301' title='bbox 1641 2465 1788 2519; x_wconf 92' lang='lat' dir='ltr'><strong>enim</strong></span> 
     </span>
    </p>
   </div>
   <div class='ocr_carea' id='block_1_40' title="bbox 199 2553 1787 2626">
    <p class='ocr_par' dir='ltr' id='par_1_40' title="bbox 199 2553 1787 2626">
     <span class='ocr_line' id='line_1_40' title="bbox 199 2553 1787 2626; baseline -0.001 -15"><span class='ocrx_word' id='word_1_302' title='bbox 199 2555 478 2626; x_wconf 72' lang='lat' dir='ltr'><strong>ignoravit</strong></span> <span class='ocrx_word' id='word_1_303' title='bbox 501 2553 699 2610; x_wconf 89' lang='lat' dir='ltr'><strong>Paulus</strong></span> <span class='ocrx_word' id='word_1_304' title='bbox 726 2553 983 2610; x_wconf 88' lang='lat' dir='ltr'><strong>humores</strong></span> <span class='ocrx_word' id='word_1_305' title='bbox 1005 2554 1246 2620; x_wconf 90' lang='lat' dir='ltr'><strong>nocivos,</strong></span> <span class='ocrx_word' id='word_1_306' title='bbox 1275 2562 1331 2608; x_wconf 93' lang='lat' dir='ltr'><strong>et</strong></span> <span class='ocrx_word' id='word_1_307' title='bbox 1358 2555 1585 2610; x_wconf 90' lang='lat' dir='ltr'><strong>nimium</strong></span> <span class='ocrx_word' id='word_1_308' title='bbox 1613 2555 1787 2612; x_wconf 89' lang='lat' dir='ltr'><strong>abun-</strong></span> 
     </span>
    </p>
   </div>
   <div class='ocr_carea' id='block_1_41' title="bbox 203 2643 1790 2716">
    <p class='ocr_par' dir='ltr' id='par_1_41' title="bbox 203 2643 1790 2716">
     <span class='ocr_line' id='line_1_41' title="bbox 203 2643 1790 2716; baseline 0 -14"><span class='ocrx_word' id='word_1_309' title='bbox 203 2646 402 2702; x_wconf 90' lang='lat' dir='ltr'><strong>dantes</strong></span> <span class='ocrx_word' id='word_1_310' title='bbox 421 2685 440 2712; x_wconf 98' lang='lat'><strong>,</strong></span> <span class='ocrx_word' id='word_1_311' title='bbox 473 2645 672 2716; x_wconf 82' lang='lat' dir='ltr'><strong>saepius</strong></span> <span class='ocrx_word' id='word_1_312' title='bbox 705 2643 823 2701; x_wconf 87' lang='lat' dir='ltr'><strong>fore</strong></span> <span class='ocrx_word' id='word_1_313' title='bbox 867 2660 1092 2702; x_wconf 90' lang='lat' dir='ltr'><strong>necesse</strong></span> <span class='ocrx_word' id='word_1_314' title='bbox 1136 2645 1286 2701; x_wconf 85' lang='lat' dir='ltr'><strong>exire</strong></span> <span class='ocrx_word' id='word_1_315' title='bbox 1312 2645 1382 2701; x_wconf 91' lang='lat' dir='ltr'><strong>ab</strong></span> <span class='ocrx_word' id='word_1_316' title='bbox 1407 2646 1632 2704; x_wconf 89' lang='lat' dir='ltr'><strong>homine</strong></span> <span class='ocrx_word' id='word_1_317' title='bbox 1663 2663 1678 2700; x_wconf 92' lang='lat'><strong>:</strong></span> <span class='ocrx_word' id='word_1_318' title='bbox 1709 2655 1790 2702; x_wconf 87' lang='lat' dir='ltr'><strong>ta-</strong></span> 
     </span>
    </p>
   </div>
   <div class='ocr_carea' id='block_1_42' title="bbox 197 2735 1788 2808">
    <p class='ocr_par' dir='ltr' id='par_1_42' title="bbox 197 2735 1788 2808">
     <span class='ocr_line' id='line_1_42' title="bbox 197 2735 1788 2808; baseline 0.001 -15"><span class='ocrx_word' id='word_1_319' title='bbox 197 2752 327 2793; x_wconf 89' lang='lat' dir='ltr'><strong>men</strong></span> <span class='ocrx_word' id='word_1_320' title='bbox 361 2735 584 2807; x_wconf 90' lang='lat' dir='ltr'><strong>quando</strong></span> <span class='ocrx_word' id='word_1_321' title='bbox 612 2735 899 2806; x_wconf 78' lang='lat' dir='ltr'><strong>abnegavit</strong></span> <span class='ocrx_word' id='word_1_322' title='bbox 933 2737 1246 2808; x_wconf 88' lang='lat' dir='ltr'><strong>episcopum</strong></span> <span class='ocrx_word' id='word_1_323' title='bbox 1287 2743 1584 2808; x_wconf 90' lang='lat' dir='ltr'><strong>superbum</strong></span> <span class='ocrx_word' id='word_1_324' title='bbox 1607 2777 1622 2804; x_wconf 95' lang='lat'><strong>,</strong></span> <span class='ocrx_word' id='word_1_325' title='bbox 1675 2738 1788 2795; x_wconf 87' lang='lat' dir='ltr'><strong>ira-</strong></span> 
     </span>
    </p>
   </div>
   <div class='ocr_carea' id='block_1_43' title="bbox 195 2817 1790 2899">
    <p class='ocr_par' dir='ltr' id='par_1_43' title="bbox 195 2817 1790 2899">
     <span class='ocr_line' id='line_1_43' title="bbox 195 2817 1790 2899; baseline -0.001 -13"><span class='ocrx_word' id='word_1_326' title='bbox 195 2831 439 2886; x_wconf 88' lang='lat' dir='ltr'><strong>cundum</strong></span> <span class='ocrx_word' id='word_1_327' title='bbox 465 2869 480 2896; x_wconf 97' lang='lat'><strong>,</strong></span> <span class='ocrx_word' id='word_1_328' title='bbox 526 2817 860 2886; x_wconf 83' lang='lat' dir='ltr'><strong>vinolentum</strong></span> <span class='ocrx_word' id='word_1_329' title='bbox 885 2869 902 2895; x_wconf 93' lang='lat'><strong>,</strong></span> <span class='ocrx_word' id='word_1_330' title='bbox 962 2843 1340 2899; x_wconf 87' lang='lat' dir='ltr'><strong>percussorem</strong></span> <span class='ocrx_word' id='word_1_331' title='bbox 1366 2870 1382 2896; x_wconf 96' lang='lat'><strong>,</strong></span> <span class='ocrx_word' id='word_1_332' title='bbox 1439 2830 1612 2898; x_wconf 88' lang='lat' dir='ltr'><strong>turpis</strong></span> <span class='ocrx_word' id='word_1_333' title='bbox 1652 2830 1790 2886; x_wconf 90' lang='lat' dir='ltr'><strong>lucri</strong></span> 
     </span>
    </p>
   </div>
   <div class='ocr_carea' id='block_1_44' title="bbox 195 2919 1792 2992">
    <p class='ocr_par' dir='ltr' id='par_1_44' title="bbox 195 2919 1792 2992">
     <span class='ocr_line' id='line_1_44' title="bbox 195 2919 1792 2992; baseline 0.001 -17"><span class='ocrx_word' id='word_1_334' title='bbox 195 2919 459 2990; x_wconf 91' lang='lat' dir='ltr'><strong>cupidum</strong></span> <span class='ocrx_word' id='word_1_335' title='bbox 482 2959 498 2985; x_wconf 94' lang='lat'><strong>,</strong></span> <span class='ocrx_word' id='word_1_336' title='bbox 556 2934 666 2974; x_wconf 92' lang='lat' dir='ltr'><strong>non</strong></span> <span class='ocrx_word' id='word_1_337' title='bbox 731 2919 1018 2992; x_wconf 79' lang='lat' dir='ltr'><strong>abnegavit</strong></span> <span class='ocrx_word' id='word_1_338' title='bbox 1059 2919 1446 2991; x_wconf 83' lang='lat' dir='ltr'><strong>ilegmaticum.</strong></span> <span class='ocrx_word' id='word_1_339' title='bbox 1500 2919 1666 2977; x_wconf 89' lang='lat' dir='ltr'><strong>Forte</strong></span> <span class='ocrx_word' id='word_1_340' title='bbox 1711 2921 1792 2977; x_wconf 91' lang='lat' dir='ltr'><strong>tui</strong></span> 
     </span>
    </p>
   </div>
   <div class='ocr_carea' id='block_1_45' title="bbox 195 3008 1793 3084">
    <p class='ocr_par' dir='ltr' id='par_1_45' title="bbox 195 3008 1793 3084">
     <span class='ocr_line' id='line_1_45' title="bbox 195 3008 1793 3084; baseline 0.003 -18"><span class='ocrx_word' id='word_1_341' title='bbox 195 3009 467 3066; x_wconf 87' lang='lat' dir='ltr'><strong>animales</strong></span> <span class='ocrx_word' id='word_1_342' title='bbox 498 3008 664 3065; x_wconf 83' lang='lat' dir='ltr'><strong>inﬂati</strong></span> <span class='ocrx_word' id='word_1_343' title='bbox 709 3011 975 3068; x_wconf 89' lang='lat' dir='ltr'><strong>munditia</strong></span> <span class='ocrx_word' id='word_1_344' title='bbox 1006 3011 1253 3082; x_wconf 88' lang='lat' dir='ltr'><strong>corporis</strong></span> <span class='ocrx_word' id='word_1_345' title='bbox 1277 3052 1293 3078; x_wconf 95' lang='lat'><strong>,</strong></span> <span class='ocrx_word' id='word_1_346' title='bbox 1333 3019 1560 3084; x_wconf 88' lang='lat' dir='ltr'><strong>possunt</strong></span> <span class='ocrx_word' id='word_1_347' title='bbox 1606 3013 1793 3071; x_wconf 90' lang='lat' dir='ltr'><strong>videre</strong></span> 
     </span>
    </p>
   </div>
   <div class='ocr_carea' id='block_1_46' title="bbox 195 3102 1792 3176">
    <p class='ocr_par' dir='ltr' id='par_1_46' title="bbox 195 3102 1792 3176">
     <span class='ocr_line' id='line_1_46' title="bbox 195 3102 1792 3176; baseline 0.003 -18"><span class='ocrx_word' id='word_1_348' title='bbox 195 3103 342 3158; x_wconf 91' lang='lat' dir='ltr'><strong>vicia</strong></span> <span class='ocrx_word' id='word_1_349' title='bbox 378 3102 573 3158; x_wconf 89' lang='lat' dir='ltr'><strong>nociva</strong></span> <span class='ocrx_word' id='word_1_350' title='bbox 627 3102 682 3157; x_wconf 90' lang='lat' dir='ltr'><strong>in</strong></span> <span class='ocrx_word' id='word_1_351' title='bbox 737 3111 948 3159; x_wconf 90' lang='lat' dir='ltr'><strong>secreto</strong></span> <span class='ocrx_word' id='word_1_352' title='bbox 979 3102 1239 3176; x_wconf 93' lang='lat' dir='ltr'><strong>ﬁgmento</strong></span> <span class='ocrx_word' id='word_1_353' title='bbox 1267 3119 1389 3170; x_wconf 92' lang='lat' dir='ltr'><strong>suo,</strong></span> <span class='ocrx_word' id='word_1_354' title='bbox 1439 3119 1560 3174; x_wconf 61' lang='lat' dir='ltr'><strong>qua;</strong></span> <span class='ocrx_word' id='word_1_355' title='bbox 1588 3103 1792 3162; x_wconf 90' lang='lat' dir='ltr'><strong>Paulus</strong></span> 
     </span>
    </p>
   </div>
   <div class='ocr_carea' id='block_1_47' title="bbox 195 3193 1789 3267">
    <p class='ocr_par' dir='ltr' id='par_1_47' title="bbox 195 3193 1789 3267">
     <span class='ocr_line' id='line_1_47' title="bbox 195 3193 1789 3267; baseline 0.003 -18"><span class='ocrx_word' id='word_1_356' title='bbox 195 3194 479 3267; x_wconf 88' lang='lat' dir='ltr'><strong>apostolus</strong></span> <span class='ocrx_word' id='word_1_357' title='bbox 509 3210 617 3250; x_wconf 91' lang='lat' dir='ltr'><strong>non</strong></span> <span class='ocrx_word' id='word_1_358' title='bbox 639 3196 816 3266; x_wconf 91' lang='lat' dir='ltr'><strong>potuit</strong></span> <span class='ocrx_word' id='word_1_359' title='bbox 840 3193 981 3252; x_wconf 90' lang='lat' dir='ltr'><strong>forte</strong></span> <span class='ocrx_word' id='word_1_360' title='bbox 1024 3195 1211 3251; x_wconf 88' lang='lat' dir='ltr'><strong>videre</strong></span> <span class='ocrx_word' id='word_1_361' title='bbox 1239 3195 1294 3251; x_wconf 92' lang='lat' dir='ltr'><strong>in</strong></span> <span class='ocrx_word' id='word_1_362' title='bbox 1324 3193 1531 3267; x_wconf 90' lang='lat' dir='ltr'><strong>Spiritu</strong></span> <span class='ocrx_word' id='word_1_363' title='bbox 1578 3205 1789 3266; x_wconf 80' lang='lat' dir='ltr'><strong>sancto.</strong></span> 
     </span>
    </p>
   </div>
   <div class='ocr_carea' id='block_1_48' title="bbox 194 3288 614 3355">
    <p class='ocr_par' dir='ltr' id='par_1_48' title="bbox 194 3288 614 3355">
     <span class='ocr_line' id='line_1_48' title="bbox 194 3288 614 3355; baseline -0.005 -10"><span class='ocrx_word' id='word_1_364' title='bbox 194 3289 380 3355; x_wconf 79' lang='lat' dir='ltr'><strong>Absit,</strong></span> <span class='ocrx_word' id='word_1_365' title='bbox 416 3288 493 3344; x_wconf 82' lang='lat' dir='ltr'><strong>ﬁli</strong></span> <span class='ocrx_word' id='word_1_366' title='bbox 517 3289 614 3343; x_wconf 89' lang='lat' dir='ltr'><strong>mi.</strong></span> 
     </span>
    </p>
   </div>
   <div class='ocr_carea' id='block_1_49' title="bbox 272 3380 1795 3453">
    <p class='ocr_par' dir='ltr' id='par_1_49' title="bbox 272 3380 1795 3453">
     <span class='ocr_line' id='line_1_49' title="bbox 272 3380 1795 3453; baseline 0.001 -18"><span class='ocrx_word' id='word_1_367' title='bbox 272 3380 332 3435; x_wconf 91' lang='lat' dir='ltr'><strong>Si</strong></span> <span class='ocrx_word' id='word_1_368' title='bbox 363 3380 662 3450; x_wconf 90' lang='lat' dir='ltr'><strong>potuissem</strong></span> <span class='ocrx_word' id='word_1_369' title='bbox 690 3395 777 3436; x_wconf 90' lang='lat' dir='ltr'><strong>me</strong></span> <span class='ocrx_word' id='word_1_370' title='bbox 802 3381 1074 3437; x_wconf 86' lang='lat' dir='ltr'><strong>abstinere</strong></span> <span class='ocrx_word' id='word_1_371' title='bbox 1117 3381 1307 3436; x_wconf 89' lang='lat' dir='ltr'><strong>tandiu</strong></span> <span class='ocrx_word' id='word_1_372' title='bbox 1351 3395 1384 3436; x_wconf 90' lang='lat' dir='ltr'><strong>a</strong></span> <span class='ocrx_word' id='word_1_373' title='bbox 1434 3391 1594 3451; x_wconf 91' lang='lat' dir='ltr'><strong>sputo</strong></span> <span class='ocrx_word' id='word_1_374' title='bbox 1623 3397 1795 3453; x_wconf 88' lang='lat' dir='ltr'><strong>quan-</strong></span> 
     </span>
    </p>
   </div>
   <div class='ocr_carea' id='block_1_50' title="bbox 197 3469 1794 3542">
    <p class='ocr_par' dir='ltr' id='par_1_50' title="bbox 197 3469 1794 3542">
     <span class='ocr_line' id='line_1_50' title="bbox 197 3469 1794 3542; baseline -0.001 -15"><span class='ocrx_word' id='word_1_375' title='bbox 197 3471 294 3527; x_wconf 90' lang='lat' dir='ltr'><strong>diu</strong></span> <span class='ocrx_word' id='word_1_376' title='bbox 321 3469 701 3526; x_wconf 80' lang='lat' dir='ltr'><strong>satisfacerem</strong></span> <span class='ocrx_word' id='word_1_377' title='bbox 725 3470 832 3526; x_wconf 87' lang='lat' dir='ltr'><strong>tuis</strong></span> <span class='ocrx_word' id='word_1_378' title='bbox 856 3511 872 3537; x_wconf 93' lang='lat'><strong>,</strong></span> <span class='ocrx_word' id='word_1_379' title='bbox 912 3479 974 3525; x_wconf 92' lang='lat' dir='ltr'><strong>ut</strong></span> <span class='ocrx_word' id='word_1_380' title='bbox 1001 3486 1110 3526; x_wconf 90' lang='lat' dir='ltr'><strong>non</strong></span> <span class='ocrx_word' id='word_1_381' title='bbox 1142 3471 1409 3526; x_wconf 89' lang='lat' dir='ltr'><strong>haberent</strong></span> <span class='ocrx_word' id='word_1_382' title='bbox 1433 3471 1578 3542; x_wconf 91' lang='lat' dir='ltr'><strong>quod</strong></span> <span class='ocrx_word' id='word_1_383' title='bbox 1608 3487 1794 3542; x_wconf 86' lang='lat' dir='ltr'><strong>repre-</strong></span> 
     </span>
    </p>
   </div>
   <div class='ocr_carea' id='block_1_51' title="bbox 197 3561 1796 3633">
    <p class='ocr_par' dir='ltr' id='par_1_51' title="bbox 197 3561 1796 3633">
     <span class='ocr_line' id='line_1_51' title="bbox 197 3561 1796 3633; baseline -0.001 -13"><span class='ocrx_word' id='word_1_384' title='bbox 197 3563 509 3621; x_wconf 88' lang='lat' dir='ltr'><strong>henderent</strong></span> <span class='ocrx_word' id='word_1_385' title='bbox 536 3562 590 3617; x_wconf 93' lang='lat' dir='ltr'><strong>in</strong></span> <span class='ocrx_word' id='word_1_386' title='bbox 615 3577 703 3618; x_wconf 91' lang='lat' dir='ltr'><strong>me</strong></span> <span class='ocrx_word' id='word_1_387' title='bbox 729 3603 745 3628; x_wconf 92' lang='lat'><strong>,</strong></span> <span class='ocrx_word' id='word_1_388' title='bbox 794 3562 899 3618; x_wconf 92' lang='lat' dir='ltr'><strong>hoc</strong></span> <span class='ocrx_word' id='word_1_389' title='bbox 939 3561 1084 3618; x_wconf 89' lang='lat' dir='ltr'><strong>ultro</strong></span> <span class='ocrx_word' id='word_1_390' title='bbox 1105 3577 1354 3618; x_wconf 88' lang='lat' dir='ltr'><strong>curarem</strong></span> <span class='ocrx_word' id='word_1_391' title='bbox 1381 3603 1396 3629; x_wconf 94' lang='lat'><strong>,</strong></span> <span class='ocrx_word' id='word_1_392' title='bbox 1443 3562 1796 3633; x_wconf 81' lang='lat' dir='ltr'><strong>praecipiente</strong></span> 
     </span>
    </p>
   </div>
   <div class='ocr_carea' id='block_1_52' title="bbox 197 3651 1792 3727">
    <p class='ocr_par' dir='ltr' id='par_1_52' title="bbox 197 3651 1792 3727">
     <span class='ocr_line' id='line_1_52' title="bbox 197 3651 1792 3727; baseline -0.001 -15"><span class='ocrx_word' id='word_1_393' title='bbox 197 3654 466 3727; x_wconf 79' lang='lat' dir='ltr'><strong>Apostolo</strong></span> <span class='ocrx_word' id='word_1_394' title='bbox 498 3671 511 3708; x_wconf 92' lang='lat'>:</span> <span class='ocrx_word' id='word_1_395' title='bbox 539 3651 883 3710; x_wconf 79' lang='lat' dir='ltr'><strong>Providentes</strong></span> <span class='ocrx_word' id='word_1_396' title='bbox 920 3653 1056 3709; x_wconf 84' lang='lat' dir='ltr'><strong>bona</strong></span> <span class='ocrx_word' id='word_1_397' title='bbox 1082 3671 1186 3710; x_wconf 86' lang='lat' dir='ltr'><strong>non</strong></span> <span class='ocrx_word' id='word_1_398' title='bbox 1206 3664 1410 3710; x_wconf 88' lang='lat' dir='ltr'><strong>tantunt</strong></span> <span class='ocrx_word' id='word_1_399' title='bbox 1444 3671 1622 3709; x_wconf 88' lang='lat' dir='ltr'><strong>coram</strong></span> <span class='ocrx_word' id='word_1_400' title='bbox 1657 3655 1792 3722; x_wconf 90' lang='lat' dir='ltr'><strong>Deo,</strong></span> 
     </span>
    </p>
   </div>
   <div class='ocr_carea' id='block_1_53' title="bbox 198 3748 1791 3822">
    <p class='ocr_par' dir='ltr' id='par_1_53' title="bbox 198 3748 1791 3822">
     <span class='ocr_line' id='line_1_53' title="bbox 198 3748 1791 3822; baseline -0.002 -17"><span class='ocrx_word' id='word_1_401' title='bbox 198 3749 293 3806; x_wconf 85' lang='lat' dir='ltr'><strong>sed</strong></span> <span class='ocrx_word' id='word_1_402' title='bbox 321 3750 481 3804; x_wconf 87' lang='lat' dir='ltr'><strong>etiam</strong></span> <span class='ocrx_word' id='word_1_403' title='bbox 513 3765 691 3804; x_wconf 88' lang='lat' dir='ltr'><strong>coram</strong></span> <span class='ocrx_word' id='word_1_404' title='bbox 725 3749 962 3803; x_wconf 87' lang='lat' dir='ltr'><strong>omnibus</strong></span> <span class='ocrx_word' id='word_1_405' title='bbox 994 3748 1290 3804; x_wconf 85' lang='lat' dir='ltr'><strong>hominibus</strong></span> <span class='ocrx_word' id='word_1_406' title='bbox 1321 3749 1495 3822; x_wconf 86' lang='lat' dir='ltr'><strong>(Rom.</strong></span> <span class='ocrx_word' id='word_1_407' title='bbox 1540 3765 1652 3817; x_wconf 83' lang='lat' dir='ltr'><strong>xu,</strong></span> <span class='ocrx_word' id='word_1_408' title='bbox 1679 3749 1791 3822; x_wconf 82' lang='grc'><strong>17).</strong></span> 
     </span>
    </p>
   </div>
   <div class='ocr_carea' id='block_1_54' title="bbox 201 3838 1793 3910">
    <p class='ocr_par' dir='ltr' id='par_1_54' title="bbox 201 3838 1793 3910">
     <span class='ocr_line' id='line_1_54' title="bbox 201 3838 1793 3910; baseline -0.001 -12"><span class='ocrx_word' id='word_1_409' title='bbox 201 3841 311 3898; x_wconf 89' lang='lat' dir='ltr'><strong>Sed</strong></span> <span class='ocrx_word' id='word_1_410' title='bbox 342 3840 471 3910; x_wconf 88' lang='lat' dir='ltr'><strong>quia</strong></span> <span class='ocrx_word' id='word_1_411' title='bbox 493 3839 596 3896; x_wconf 89' lang='lat' dir='ltr'><strong>hoc</strong></span> <span class='ocrx_word' id='word_1_412' title='bbox 619 3841 753 3896; x_wconf 90' lang='lat' dir='ltr'><strong>mihi</strong></span> <span class='ocrx_word' id='word_1_413' title='bbox 779 3838 992 3896; x_wconf 87' lang='lat' dir='ltr'><strong>difﬁcile</strong></span> <span class='ocrx_word' id='word_1_414' title='bbox 1019 3847 1126 3906; x_wconf 91' lang='lat' dir='ltr'><strong>est,</strong></span> <span class='ocrx_word' id='word_1_415' title='bbox 1152 3847 1334 3895; x_wconf 90' lang='lat' dir='ltr'><strong>tamen</strong></span> <span class='ocrx_word' id='word_1_416' title='bbox 1360 3839 1575 3896; x_wconf 89' lang='lat' dir='ltr'><strong>conﬁdo</strong></span> <span class='ocrx_word' id='word_1_417' title='bbox 1605 3841 1660 3895; x_wconf 91' lang='lat' dir='ltr'><strong>in</strong></span> <span class='ocrx_word' id='word_1_418' title='bbox 1682 3842 1793 3897; x_wconf 87' lang='lat' dir='ltr'><strong>Do-</strong></span> 
     </span>
    </p>
   </div>
   <div class='ocr_carea' id='block_1_55' title="bbox 202 3923 1797 4004">
    <p class='ocr_par' dir='ltr' id='par_1_55' title="bbox 202 3923 1797 4004">
     <span class='ocr_line' id='line_1_55' title="bbox 202 3923 1797 4004; baseline 0 -14"><span class='ocrx_word' id='word_1_419' title='bbox 202 3923 388 3999; x_wconf 80' lang='lat' dir='ltr'><strong>mino,</strong></span> <span class='ocrx_word' id='word_1_420' title='bbox 416 3933 462 3989; x_wconf 91' lang='lat' dir='ltr'><strong>si</strong></span> <span class='ocrx_word' id='word_1_421' title='bbox 491 3949 644 3990; x_wconf 92' lang='lat' dir='ltr'><strong>mens</strong></span> <span class='ocrx_word' id='word_1_422' title='bbox 679 3949 800 3989; x_wconf 90' lang='lat' dir='ltr'><strong>mea</strong></span> <span class='ocrx_word' id='word_1_423' title='bbox 840 3948 974 4004; x_wconf 90' lang='lat' dir='ltr'><strong>pura</strong></span> <span class='ocrx_word' id='word_1_424' title='bbox 1005 3932 1171 3988; x_wconf 90' lang='lat' dir='ltr'><strong>fuerit</strong></span> <span class='ocrx_word' id='word_1_425' title='bbox 1208 3940 1262 3987; x_wconf 91' lang='lat' dir='ltr'><strong>et</strong></span> <span class='ocrx_word' id='word_1_426' title='bbox 1309 3933 1531 3989; x_wconf 89' lang='lat' dir='ltr'><strong>humilis</strong></span> <span class='ocrx_word' id='word_1_427' title='bbox 1564 3933 1619 3988; x_wconf 91' lang='lat' dir='ltr'><strong>in</strong></span> <span class='ocrx_word' id='word_1_428' title='bbox 1666 3949 1797 3990; x_wconf 89' lang='lat' dir='ltr'><strong>con-</strong></span> 
     </span>
    </p>
   </div>
   <div class='ocr_carea' id='block_1_56' title="bbox 202 4022 1794 4096">
    <p class='ocr_par' dir='ltr' id='par_1_56' title="bbox 202 4022 1794 4096">
     <span class='ocr_line' id='line_1_56' title="bbox 202 4022 1794 4096; baseline 0.001 -16"><span class='ocrx_word' id='word_1_429' title='bbox 202 4033 404 4096; x_wconf 89' lang='lat' dir='ltr'><strong>spectu</strong></span> <span class='ocrx_word' id='word_1_430' title='bbox 454 4022 590 4092; x_wconf 86' lang='lat' dir='ltr'><strong>ejus,</strong></span> <span class='ocrx_word' id='word_1_431' title='bbox 631 4032 692 4079; x_wconf 91' lang='lat' dir='ltr'><strong>ut</strong></span> <span class='ocrx_word' id='word_1_432' title='bbox 733 4023 898 4079; x_wconf 89' lang='lat' dir='ltr'><strong>faciat</strong></span> <span class='ocrx_word' id='word_1_433' title='bbox 944 4024 1150 4079; x_wconf 91' lang='lat' dir='ltr'><strong>intrare</strong></span> <span class='ocrx_word' id='word_1_434' title='bbox 1201 4039 1399 4096; x_wconf 88' lang='lat' dir='ltr'><strong>corpus</strong></span> <span class='ocrx_word' id='word_1_435' title='bbox 1451 4025 1520 4080; x_wconf 91' lang='lat' dir='ltr'><strong>ad</strong></span> <span class='ocrx_word' id='word_1_436' title='bbox 1556 4026 1794 4081; x_wconf 90' lang='lat' dir='ltr'><strong>animam</strong></span> 
     </span>
    </p>
   </div>
   <div class='ocr_carea' id='block_1_57' title="bbox 201 4115 1798 4188">
    <p class='ocr_par' dir='ltr' id='par_1_57' title="bbox 201 4115 1798 4188">
     <span class='ocr_line' id='line_1_57' title="bbox 201 4115 1798 4188; baseline -0.001 -16"><span class='ocrx_word' id='word_1_437' title='bbox 201 4130 388 4172; x_wconf 89' lang='lat' dir='ltr'><strong>meam</strong></span> <span class='ocrx_word' id='word_1_438' title='bbox 425 4115 834 4181; x_wconf 86' lang='lat' dir='ltr'><strong>viviﬁcandam,</strong></span> <span class='ocrx_word' id='word_1_439' title='bbox 867 4122 924 4170; x_wconf 91' lang='lat' dir='ltr'><strong>et</strong></span> <span class='ocrx_word' id='word_1_440' title='bbox 951 4115 1096 4185; x_wconf 90' lang='lat' dir='ltr'><strong>quod</strong></span> <span class='ocrx_word' id='word_1_441' title='bbox 1125 4116 1433 4171; x_wconf 86' lang='lat' dir='ltr'><strong>exeundum</strong></span> <span class='ocrx_word' id='word_1_442' title='bbox 1461 4123 1546 4171; x_wconf 91' lang='lat' dir='ltr'><strong>est</strong></span> <span class='ocrx_word' id='word_1_443' title='bbox 1572 4125 1798 4188; x_wconf 88' lang='lat' dir='ltr'><strong>propter</strong></span> 
     </span>
    </p>
   </div>
   <div class='ocr_carea' id='block_1_58' title="bbox 202 4205 1797 4277">
    <p class='ocr_par' dir='ltr' id='par_1_58' title="bbox 202 4205 1797 4277">
     <span class='ocr_line' id='line_1_58' title="bbox 202 4205 1797 4277; baseline 0 -14"><span class='ocrx_word' id='word_1_444' title='bbox 202 4207 506 4263; x_wconf 86' lang='lat' dir='ltr'><strong>sanitatem</strong></span> <span class='ocrx_word' id='word_1_445' title='bbox 554 4207 800 4276; x_wconf 90' lang='lat' dir='ltr'><strong>corporis</strong></span> <span class='ocrx_word' id='word_1_446' title='bbox 826 4247 842 4271; x_wconf 91' lang='lat'><strong>,</strong></span> <span class='ocrx_word' id='word_1_447' title='bbox 891 4205 1058 4262; x_wconf 87' lang='lat' dir='ltr'><strong>faciat</strong></span> <span class='ocrx_word' id='word_1_448' title='bbox 1109 4207 1261 4261; x_wconf 81' lang='lat' dir='ltr'><strong>exire</strong></span> <span class='ocrx_word' id='word_1_449' title='bbox 1325 4206 1443 4262; x_wconf 88' lang='lat' dir='ltr'><strong>sine</strong></span> <span class='ocrx_word' id='word_1_450' title='bbox 1511 4207 1797 4277; x_wconf 91' lang='lat' dir='ltr'><strong>dispendio</strong></span> 
     </span>
    </p>
   </div>
   <div class='ocr_carea' id='block_1_59' title="bbox 202 4297 1793 4372">
    <p class='ocr_par' dir='ltr' id='par_1_59' title="bbox 202 4297 1793 4372">
     <span class='ocr_line' id='line_1_59' title="bbox 202 4297 1793 4372; baseline -0.003 -13"><span class='ocrx_word' id='word_1_451' title='bbox 202 4303 428 4359; x_wconf 60' lang='lat' dir='ltr'><strong>anima}.</strong></span> <span class='ocrx_word' id='word_1_452' title='bbox 455 4297 511 4354; x_wconf 91' lang='lat' dir='ltr'><strong>Si</strong></span> <span class='ocrx_word' id='word_1_453' title='bbox 535 4300 655 4369; x_wconf 90' lang='lat' dir='ltr'><strong>quis</strong></span> <span class='ocrx_word' id='word_1_454' title='bbox 683 4301 787 4356; x_wconf 92' lang='lat' dir='ltr'><strong>hoc</strong></span> <span class='ocrx_word' id='word_1_455' title='bbox 807 4315 915 4356; x_wconf 89' lang='lat' dir='ltr'><strong>non</strong></span> <span class='ocrx_word' id='word_1_456' title='bbox 937 4301 1111 4356; x_wconf 92' lang='lat' dir='ltr'><strong>credit</strong></span> <span class='ocrx_word' id='word_1_457' title='bbox 1138 4316 1261 4356; x_wconf 92' lang='lat' dir='ltr'><strong>eum</strong></span> <span class='ocrx_word' id='word_1_458' title='bbox 1289 4315 1447 4372; x_wconf 91' lang='lat' dir='ltr'><strong>posse</strong></span> <span class='ocrx_word' id='word_1_459' title='bbox 1473 4300 1518 4354; x_wconf 91' lang='lat' dir='ltr'><strong>si</strong></span> <span class='ocrx_word' id='word_1_460' title='bbox 1541 4300 1793 4367; x_wconf 89' lang='lat' dir='ltr'><strong>voluerit,</strong></span> 
     </span>
    </p>
   </div>
   <div class='ocr_carea' id='block_1_60' title="bbox 202 4390 1797 4463">
    <p class='ocr_par' dir='ltr' id='par_1_60' title="bbox 202 4390 1797 4463">
     <span class='ocr_line' id='line_1_60' title="bbox 202 4390 1797 4463; baseline -0.001 -14"><span class='ocrx_word' id='word_1_461' title='bbox 202 4409 318 4449; x_wconf 91' lang='lat' dir='ltr'><strong>non</strong></span> <span class='ocrx_word' id='word_1_462' title='bbox 377 4390 552 4446; x_wconf 89' lang='lat' dir='ltr'><strong>credit</strong></span> <span class='ocrx_word' id='word_1_463' title='bbox 602 4406 728 4447; x_wconf 89' lang='lat' dir='ltr'><strong>eum</strong></span> <span class='ocrx_word' id='word_1_464' title='bbox 782 4392 1209 4462; x_wconf 88' lang='lat' dir='ltr'><strong>omnipotentem</strong></span> <span class='ocrx_word' id='word_1_465' title='bbox 1263 4407 1401 4448; x_wconf 89' lang='lat' dir='ltr'><strong>esse.</strong></span> <span class='ocrx_word' id='word_1_466' title='bbox 1449 4392 1517 4448; x_wconf 86' lang='lat' dir='ltr'><strong>Et</strong></span> <span class='ocrx_word' id='word_1_467' title='bbox 1555 4394 1647 4463; x_wconf 90' lang='lat' dir='ltr'><strong>qui</strong></span> <span class='ocrx_word' id='word_1_468' title='bbox 1688 4409 1797 4448; x_wconf 90' lang='lat' dir='ltr'><strong>non</strong></span> 
     </span>
    </p>
   </div>
   <div class='ocr_carea' id='block_1_61' title="bbox 203 4481 1798 4554">
    <p class='ocr_par' dir='ltr' id='par_1_61' title="bbox 203 4481 1798 4554">
     <span class='ocr_line' id='line_1_61' title="bbox 203 4481 1798 4554; baseline -0.001 -14"><span class='ocrx_word' id='word_1_469' title='bbox 203 4491 398 4554; x_wconf 88' lang='lat' dir='ltr'><strong>sperat</strong></span> <span class='ocrx_word' id='word_1_470' title='bbox 425 4497 549 4537; x_wconf 90' lang='lat' dir='ltr'><strong>eum</strong></span> <span class='ocrx_word' id='word_1_471' title='bbox 579 4483 683 4539; x_wconf 91' lang='lat' dir='ltr'><strong>hoc</strong></span> <span class='ocrx_word' id='word_1_472' title='bbox 707 4481 870 4550; x_wconf 90' lang='lat' dir='ltr'><strong>velle,</strong></span> <span class='ocrx_word' id='word_1_473' title='bbox 919 4497 1026 4537; x_wconf 91' lang='lat' dir='ltr'><strong>non</strong></span> <span class='ocrx_word' id='word_1_474' title='bbox 1061 4483 1254 4554; x_wconf 87' lang='lat' dir='ltr'><strong>recipit</strong></span> <span class='ocrx_word' id='word_1_475' title='bbox 1279 4485 1609 4539; x_wconf 87' lang='lat' dir='ltr'><strong>sententiam</strong></span> <span class='ocrx_word' id='word_1_476' title='bbox 1644 4483 1798 4538; x_wconf 88' lang='lat' dir='ltr'><strong>Pauli</strong></span> 
     </span>
    </p>
   </div>
   <div class='ocr_carea' id='block_1_62' title="bbox 204 4572 1797 4645">
    <p class='ocr_par' dir='ltr' id='par_1_62' title="bbox 204 4572 1797 4645">
     <span class='ocr_line' id='line_1_62' title="bbox 204 4572 1797 4645; baseline -0.001 -14"><span class='ocrx_word' id='word_1_477' title='bbox 204 4575 448 4631; x_wconf 90' lang='lat' dir='ltr'><strong>dicentis</strong></span> <span class='ocrx_word' id='word_1_478' title='bbox 475 4591 488 4627; x_wconf 92' lang='lat'><strong>:</strong></span> <span class='ocrx_word' id='word_1_479' title='bbox 519 4572 624 4638; x_wconf 82' lang='lat' dir='ltr'><strong>Qui</strong></span> <span class='ocrx_word' id='word_1_480' title='bbox 660 4589 836 4628; x_wconf 87' lang='lat' dir='ltr'><strong>omnes</strong></span> <span class='ocrx_word' id='word_1_481' title='bbox 873 4572 1110 4628; x_wconf 79' lang='lat' dir='ltr'><strong>homines</strong></span> <span class='ocrx_word' id='word_1_482' title='bbox 1135 4573 1244 4627; x_wconf 80' lang='lat' dir='ltr'><strong>vult</strong></span> <span class='ocrx_word' id='word_1_483' title='bbox 1272 4574 1443 4628; x_wconf 85' lang='lat' dir='ltr'><strong>salvos</strong></span> <span class='ocrx_word' id='word_1_484' title='bbox 1456 4574 1574 4643; x_wconf 82' lang='lat' dir='ltr'><strong>ﬁeri</strong></span> <span class='ocrx_word' id='word_1_485' title='bbox 1590 4572 1642 4645; x_wconf 85' lang='lat' dir='ltr'><strong>(I</strong></span> <span class='ocrx_word' id='word_1_486' title='bbox 1659 4572 1797 4630; x_wconf 88' lang='lat' dir='ltr'><strong>Tim.</strong></span> 
     </span>
    </p>
   </div>
   <div class='ocr_carea' id='block_1_63' title="bbox 204 4663 1797 4737">
    <p class='ocr_par' dir='ltr' id='par_1_63' title="bbox 204 4663 1797 4737">
     <span class='ocr_line' id='line_1_63' title="bbox 204 4663 1797 4737; baseline -0.001 -15"><span class='ocrx_word' id='word_1_487' title='bbox 204 4681 274 4732; x_wconf 88' lang='lat' dir='ltr'><strong>ll,</strong></span> <span class='ocrx_word' id='word_1_488' title='bbox 311 4664 371 4735; x_wconf 72' lang='grc'><strong>4)</strong></span> <span class='ocrx_word' id='word_1_489' title='bbox 399 4682 412 4716; x_wconf 86' lang='lat'><strong>:</strong></span> <span class='ocrx_word' id='word_1_490' title='bbox 440 4663 493 4716; x_wconf 92' lang='lat' dir='ltr'><strong>id</strong></span> <span class='ocrx_word' id='word_1_491' title='bbox 517 4671 600 4717; x_wconf 91' lang='lat' dir='ltr'><strong>est</strong></span> <span class='ocrx_word' id='word_1_492' title='bbox 626 4663 746 4718; x_wconf 91' lang='lat' dir='ltr'><strong>illos</strong></span> <span class='ocrx_word' id='word_1_493' title='bbox 774 4664 865 4734; x_wconf 90' lang='lat' dir='ltr'><strong>qui</strong></span> <span class='ocrx_word' id='word_1_494' title='bbox 913 4663 1197 4720; x_wconf 86' lang='lat' dir='ltr'><strong>salvationi</strong></span> <span class='ocrx_word' id='word_1_495' title='bbox 1239 4665 1481 4737; x_wconf 86' lang='lat' dir='ltr'><strong>deputati</strong></span> <span class='ocrx_word' id='word_1_496' title='bbox 1517 4673 1661 4721; x_wconf 91' lang='lat' dir='ltr'><strong>sunt.</strong></span> <span class='ocrx_word' id='word_1_497' title='bbox 1693 4665 1797 4721; x_wconf 86' lang='lat' dir='ltr'><strong>Fili</strong></span> 
     </span>
    </p>
   </div>
   <div class='ocr_carea' id='block_1_64' title="bbox 204 4753 1792 4826">
    <p class='ocr_par' dir='ltr' id='par_1_64' title="bbox 204 4753 1792 4826">
     <span class='ocr_line' id='line_1_64' title="bbox 204 4753 1792 4826; baseline 0.001 -14"><span class='ocrx_word' id='word_1_498' title='bbox 204 4757 306 4822; x_wconf 91' lang='lat' dir='ltr'><strong>mi,</strong></span> <span class='ocrx_word' id='word_1_499' title='bbox 328 4753 616 4809; x_wconf 86' lang='lat' dir='ltr'><strong>recordare</strong></span> <span class='ocrx_word' id='word_1_500' title='bbox 637 4753 782 4823; x_wconf 90' lang='lat' dir='ltr'><strong>quod</strong></span> <span class='ocrx_word' id='word_1_501' title='bbox 804 4755 1097 4823; x_wconf 66' lang='lat' dir='ltr'><strong>saepissime</strong></span> <span class='ocrx_word' id='word_1_502' title='bbox 1124 4755 1336 4811; x_wconf 88' lang='lat' dir='ltr'><strong>solebas</strong></span> <span class='ocrx_word' id='word_1_503' title='bbox 1363 4758 1496 4813; x_wconf 90' lang='lat' dir='ltr'><strong>mihi</strong></span> <span class='ocrx_word' id='word_1_504' title='bbox 1519 4759 1792 4826; x_wconf 87' lang='lat' dir='ltr'><strong>proferre:</strong></span> 
     </span>
    </p>
   </div>
   <div class='ocr_carea' id='block_1_65' title="bbox 206 4846 1796 4919">
    <p class='ocr_par' dir='ltr' id='par_1_65' title="bbox 206 4846 1796 4919">
     <span class='ocr_line' id='line_1_65' title="bbox 206 4846 1796 4919; baseline -0.008 -12"><span class='ocrx_word' id='word_1_505' title='bbox 206 4849 339 4906; x_wconf 86' lang='lat' dir='ltr'><strong>Nisi</strong></span> <span class='ocrx_word' id='word_1_506' title='bbox 369 4847 626 4901; x_wconf 83' lang='lat' dir='ltr'><strong>Dominus</strong></span> <span class='ocrx_word' id='word_1_507' title='bbox 659 4846 962 4901; x_wconf 81' lang='lat' dir='ltr'><strong>custodierit</strong></span> <span class='ocrx_word' id='word_1_508' title='bbox 1014 4847 1272 4901; x_wconf 83' lang='lat' dir='ltr'><strong>civitatem</strong></span> <span class='ocrx_word' id='word_1_509' title='bbox 1304 4887 1320 4913; x_wconf 97' lang='lat'><strong>,</strong></span> <span class='ocrx_word' id='word_1_510' title='bbox 1377 4849 1580 4916; x_wconf 78' lang='lat' dir='ltr'><strong>frustra</strong></span> <span class='ocrx_word' id='word_1_511' title='bbox 1621 4850 1796 4919; x_wconf 73' lang='lat' dir='ltr'><strong>vigilat</strong></span> 
     </span>
    </p>
   </div>
   <div class='ocr_carea' id='block_1_66' title="bbox 204 4935 1795 5013">
    <p class='ocr_par' dir='ltr' id='par_1_66' title="bbox 204 4935 1795 5013">
     <span class='ocr_line' id='line_1_66' title="bbox 204 4935 1795 5013; baseline -0.002 -17"><span class='ocrx_word' id='word_1_512' title='bbox 204 4941 300 5013; x_wconf 87' lang='lat' dir='ltr'><strong>qui</strong></span> <span class='ocrx_word' id='word_1_513' title='bbox 350 4938 578 4993; x_wconf 83' lang='lat' dir='ltr'><strong>custodit</strong></span> <span class='ocrx_word' id='word_1_514' title='bbox 632 4954 747 4992; x_wconf 85' lang='lat' dir='ltr'><strong>eam</strong></span> <span class='ocrx_word' id='word_1_515' title='bbox 773 4935 946 5010; x_wconf 83' lang='lat' dir='ltr'><strong>(Psal.</strong></span> <span class='ocrx_word' id='word_1_516' title='bbox 984 4951 1168 5003; x_wconf 81' lang='lat' dir='ltr'><strong>cxxvr,</strong></span> <span class='ocrx_word' id='word_1_517' title='bbox 1198 4936 1277 5009; x_wconf 75' lang='lat'><strong>2).</strong></span> <span class='ocrx_word' id='word_1_518' title='bbox 1307 4935 1366 4993; x_wconf 91' lang='lat' dir='ltr'><strong>Si</strong></span> <span class='ocrx_word' id='word_1_519' title='bbox 1397 4937 1614 5007; x_wconf 89' lang='lat' dir='ltr'><strong>aliquod</strong></span> <span class='ocrx_word' id='word_1_520' title='bbox 1640 4953 1795 4993; x_wconf 91' lang='lat' dir='ltr'><strong>scru-</strong></span> 
     </span>
    </p>
   </div>
   <div class='ocr_carea' id='block_1_67' title="bbox 205 5028 1798 5104">
    <p class='ocr_par' dir='ltr' id='par_1_67' title="bbox 205 5028 1798 5104">
     <span class='ocr_line' id='line_1_67' title="bbox 205 5028 1798 5104; baseline 0 -19"><span class='ocrx_word' id='word_1_521' title='bbox 205 5031 400 5104; x_wconf 91' lang='lat' dir='ltr'><strong>pulum</strong></span> <span class='ocrx_word' id='word_1_522' title='bbox 431 5038 534 5084; x_wconf 67' lang='lat' dir='ltr'><strong>tuaa</strong></span> <span class='ocrx_word' id='word_1_523' title='bbox 558 5030 725 5084; x_wconf 90' lang='lat' dir='ltr'><strong>menti</strong></span> <span class='ocrx_word' id='word_1_524' title='bbox 751 5029 928 5085; x_wconf 90' lang='lat' dir='ltr'><strong>adhuc</strong></span> <span class='ocrx_word' id='word_1_525' title='bbox 954 5029 1125 5084; x_wconf 80' lang='lat' dir='ltr'><strong>haeret</strong></span> <span class='ocrx_word' id='word_1_526' title='bbox 1145 5028 1212 5084; x_wconf 91' lang='lat' dir='ltr'><strong>de</strong></span> <span class='ocrx_word' id='word_1_527' title='bbox 1234 5044 1294 5083; x_wconf 91' lang='lat' dir='ltr'><strong>re</strong></span> <span class='ocrx_word' id='word_1_528' title='bbox 1326 5029 1605 5100; x_wconf 66' lang='lat' dir='ltr'><strong>prtelibata</strong></span> <span class='ocrx_word' id='word_1_529' title='bbox 1632 5070 1648 5096; x_wconf 91' lang='lat'><strong>,</strong></span> <span class='ocrx_word' id='word_1_530' title='bbox 1686 5029 1798 5086; x_wconf 88' lang='lat' dir='ltr'><strong>vita</strong></span> 
     </span>
    </p>
   </div>
   <div class='ocr_carea' id='block_1_68' title="bbox 206 5121 1800 5194">
    <p class='ocr_par' dir='ltr' id='par_1_68' title="bbox 206 5121 1800 5194">
     <span class='ocr_line' id='line_1_68' title="bbox 206 5121 1800 5194; baseline -0.001 -14"><span class='ocrx_word' id='word_1_531' title='bbox 206 5125 417 5180; x_wconf 89' lang='lat' dir='ltr'><strong>comite</strong></span> <span class='ocrx_word' id='word_1_532' title='bbox 441 5122 550 5178; x_wconf 93' lang='lat' dir='ltr'><strong>noli</strong></span> <span class='ocrx_word' id='word_1_533' title='bbox 572 5123 714 5194; x_wconf 88' lang='lat' dir='ltr'><strong>patri</strong></span> <span class='ocrx_word' id='word_1_534' title='bbox 738 5131 830 5179; x_wconf 92' lang='lat' dir='ltr'><strong>tuo</strong></span> <span class='ocrx_word' id='word_1_535' title='bbox 869 5123 1227 5180; x_wconf 89' lang='lat' dir='ltr'><strong>abscondere.</strong></span> <span class='ocrx_word' id='word_1_536' title='bbox 1255 5121 1402 5178; x_wconf 88' lang='lat' dir='ltr'><strong>Tene</strong></span> <span class='ocrx_word' id='word_1_537' title='bbox 1429 5124 1572 5194; x_wconf 92' lang='lat' dir='ltr'><strong>quod</strong></span> <span class='ocrx_word' id='word_1_538' title='bbox 1601 5131 1752 5180; x_wconf 91' lang='lat' dir='ltr'><strong>tenes</strong></span> <span class='ocrx_word' id='word_1_539' title='bbox 1783 5165 1800 5190; x_wconf 90' lang='lat'><strong>,</strong></span> 
     </span>
    </p>
   </div>
   <div class='ocr_carea' id='block_1_69' title="bbox 210 5213 1802 5288">
    <p class='ocr_par' dir='ltr' id='par_1_69' title="bbox 210 5213 1802 5288">
     <span class='ocr_line' id='line_1_69' title="bbox 210 5213 1802 5288; baseline 0 -14"><span class='ocrx_word' id='word_1_540' title='bbox 210 5213 479 5274; x_wconf 86' lang='lat' dir='ltr'><strong>Doniinus</strong></span> <span class='ocrx_word' id='word_1_541' title='bbox 509 5217 605 5272; x_wconf 87' lang='lat' dir='ltr'><strong>tibi</strong></span> <span class='ocrx_word' id='word_1_542' title='bbox 643 5216 966 5288; x_wconf 90' lang='lat' dir='ltr'><strong>multiplicet</strong></span> <span class='ocrx_word' id='word_1_543' title='bbox 1009 5231 1200 5272; x_wconf 88' lang='lat' dir='ltr'><strong>sensus</strong></span> <span class='ocrx_word' id='word_1_544' title='bbox 1249 5215 1561 5287; x_wconf 64' lang='lat' dir='ltr'><strong>praelibatos</strong></span> <span class='ocrx_word' id='word_1_545' title='bbox 1585 5258 1602 5284; x_wconf 92' lang='lat'><strong>,</strong></span> <span class='ocrx_word' id='word_1_546' title='bbox 1657 5217 1802 5274; x_wconf 90' lang='lat' dir='ltr'><strong>ultro</strong></span> 
     </span>
    </p>
   </div>
   <div class='ocr_carea' id='block_1_70' title="bbox 208 5308 800 5380">
    <p class='ocr_par' dir='ltr' id='par_1_70' title="bbox 208 5308 800 5380">
     <span class='ocr_line' id='line_1_70' title="bbox 208 5308 800 5380; baseline -0.005 -16"><span class='ocrx_word' id='word_1_547' title='bbox 208 5323 382 5380; x_wconf 89' lang='lat' dir='ltr'><strong>quam</strong></span> <span class='ocrx_word' id='word_1_548' title='bbox 427 5316 612 5379; x_wconf 87' lang='lat' dir='ltr'><strong>petere</strong></span> <span class='ocrx_word' id='word_1_549' title='bbox 639 5308 800 5364; x_wconf 89' lang='lat' dir='ltr'><strong>scias.</strong></span> 
     </span>
    </p>
   </div>
   <div class='ocr_carea' id='block_1_71' title="bbox 285 5397 1808 5470">
    <p class='ocr_par' dir='ltr' id='par_1_71' title="bbox 285 5397 1808 5470">
     <span class='ocr_line' id='line_1_71' title="bbox 285 5397 1808 5470; baseline 0.002 -14"><span class='ocrx_word' id='word_1_550' title='bbox 285 5402 370 5456; x_wconf 91' lang='lat' dir='ltr'><strong>De</strong></span> <span class='ocrx_word' id='word_1_551' title='bbox 399 5414 626 5468; x_wconf 90' lang='lat' dir='ltr'><strong>corpore</strong></span> <span class='ocrx_word' id='word_1_552' title='bbox 657 5400 871 5455; x_wconf 90' lang='lat' dir='ltr'><strong>Domini</strong></span> <span class='ocrx_word' id='word_1_553' title='bbox 899 5399 1043 5470; x_wconf 91' lang='lat' dir='ltr'><strong>quod</strong></span> <span class='ocrx_word' id='word_1_554' title='bbox 1094 5401 1375 5469; x_wconf 89' lang='lat' dir='ltr'><strong>sumimus,</strong></span> <span class='ocrx_word' id='word_1_555' title='bbox 1412 5407 1498 5458; x_wconf 88' lang='lat' dir='ltr'><strong>est</strong></span> <span class='ocrx_word' id='word_1_556' title='bbox 1538 5397 1673 5458; x_wconf 90' lang='lat' dir='ltr'><strong>mihi</strong></span> <span class='ocrx_word' id='word_1_557' title='bbox 1725 5402 1808 5459; x_wconf 82' lang='lat' dir='ltr'><strong>di-</strong></span> 
     </span>
    </p>
   </div>
   <div class='ocr_carea' id='block_1_72' title="bbox 213 5484 1802 5565">
    <p class='ocr_par' dir='ltr' id='par_1_72' title="bbox 213 5484 1802 5565">
     <span class='ocr_line' id='line_1_72' title="bbox 213 5484 1802 5565; baseline -0.003 -13"><span class='ocrx_word' id='word_1_558' title='bbox 213 5484 474 5559; x_wconf 80' lang='lat' dir='ltr'><strong>cenduin,</strong></span> <span class='ocrx_word' id='word_1_559' title='bbox 495 5491 743 5562; x_wconf 88' lang='lat' dir='ltr'><strong>quamvis</strong></span> <span class='ocrx_word' id='word_1_560' title='bbox 769 5493 841 5547; x_wconf 89' lang='lat' dir='ltr'><strong>sit</strong></span> <span class='ocrx_word' id='word_1_561' title='bbox 873 5492 1056 5564; x_wconf 89' lang='lat' dir='ltr'><strong>dispar</strong></span> <span class='ocrx_word' id='word_1_562' title='bbox 1085 5493 1391 5565; x_wconf 84' lang='lat' dir='ltr'><strong>exemplum</strong></span> <span class='ocrx_word' id='word_1_563' title='bbox 1418 5494 1672 5565; x_wconf 62' lang='lat' dir='ltr'><strong>praesenti</strong></span> <span class='ocrx_word' id='word_1_564' title='bbox 1702 5493 1802 5562; x_wconf 91' lang='lat' dir='ltr'><strong>rei,</strong></span> 
     </span>
    </p>
   </div>
   <div class='ocr_carea' id='block_1_73' title="bbox 215 5582 1805 5658">
    <p class='ocr_par' dir='ltr' id='par_1_73' title="bbox 215 5582 1805 5658">
     <span class='ocr_line' id='line_1_73' title="bbox 215 5582 1805 5658; baseline 0 -16"><span class='ocrx_word' id='word_1_565' title='bbox 215 5584 369 5658; x_wconf 89' lang='lat' dir='ltr'><strong>quod</strong></span> <span class='ocrx_word' id='word_1_566' title='bbox 392 5582 804 5639; x_wconf 81' lang='lat' dir='ltr'><strong>Valentinianus</strong></span> <span class='ocrx_word' id='word_1_567' title='bbox 829 5583 1124 5654; x_wconf 89' lang='lat' dir='ltr'><strong>imperator</strong></span> <span class='ocrx_word' id='word_1_568' title='bbox 1168 5585 1305 5641; x_wconf 80' lang='lat' dir='ltr'><strong>dixit</strong></span> <span class='ocrx_word' id='word_1_569' title='bbox 1351 5585 1655 5655; x_wconf 90' lang='lat' dir='ltr'><strong>militibus,</strong></span> <span class='ocrx_word' id='word_1_570' title='bbox 1711 5586 1805 5658; x_wconf 92' lang='lat' dir='ltr'><strong>qui</strong></span> 
     </span>
    </p>
   </div>
   <div class='ocr_carea' id='block_1_74' title="bbox 217 5674 1804 5742">
    <p class='ocr_par' dir='ltr' id='par_1_74' title="bbox 217 5674 1804 5742">
     <span class='ocr_line' id='line_1_74' title="bbox 217 5674 1804 5742; baseline -0.001 -8"><span class='ocrx_word' id='word_1_571' title='bbox 217 5679 272 5734; x_wconf 88' lang='lat' dir='ltr'><strong>ei</strong></span> <span class='ocrx_word' id='word_1_572' title='bbox 299 5677 509 5732; x_wconf 89' lang='lat' dir='ltr'><strong>socium</strong></span> <span class='ocrx_word' id='word_1_573' title='bbox 533 5674 838 5730; x_wconf 90' lang='lat' dir='ltr'><strong>adsciscere</strong></span> <span class='ocrx_word' id='word_1_574' title='bbox 859 5674 1185 5730; x_wconf 88' lang='lat' dir='ltr'><strong>voluerunt:</strong></span> <span class='ocrx_word' id='word_1_575' title='bbox 1220 5675 1472 5732; x_wconf 80' lang='lat' dir='ltr'><strong>Vestrum</strong></span> <span class='ocrx_word' id='word_1_576' title='bbox 1522 5676 1666 5742; x_wconf 85' lang='lat' dir='ltr'><strong>fuit,</strong></span> <span class='ocrx_word' id='word_1_577' title='bbox 1717 5677 1804 5732; x_wconf 88' lang='lat' dir='ltr'><strong>in-</strong></span> 
     </span>
    </p>
   </div>
   <div class='ocr_carea' id='block_1_75' title="bbox 218 5766 1810 5840">
    <p class='ocr_par' dir='ltr' id='par_1_75' title="bbox 218 5766 1810 5840">
     <span class='ocr_line' id='line_1_75' title="bbox 218 5766 1810 5840; baseline 0 -15"><span class='ocrx_word' id='word_1_578' title='bbox 218 5770 370 5840; x_wconf 87' lang='lat' dir='ltr'><strong>quit,</strong></span> <span class='ocrx_word' id='word_1_579' title='bbox 406 5769 546 5839; x_wconf 89' lang='lat' dir='ltr'><strong>quod</strong></span> <span class='ocrx_word' id='word_1_580' title='bbox 583 5782 671 5823; x_wconf 92' lang='lat' dir='ltr'><strong>me</strong></span> <span class='ocrx_word' id='word_1_581' title='bbox 705 5766 1037 5823; x_wconf 88' lang='lat' dir='ltr'><strong>constituitis</strong></span> <span class='ocrx_word' id='word_1_582' title='bbox 1072 5767 1482 5839; x_wconf 90' lang='lat' dir='ltr'><strong>imperatorem,</strong></span> <span class='ocrx_word' id='word_1_583' title='bbox 1516 5783 1697 5824; x_wconf 90' lang='lat' dir='ltr'><strong>meum</strong></span> <span class='ocrx_word' id='word_1_584' title='bbox 1723 5776 1810 5825; x_wconf 90' lang='lat' dir='ltr'><strong>est</strong></span> 
     </span>
    </p>
   </div>
   <div class='ocr_carea' id='block_1_76' title="bbox 219 5859 1808 5933">
    <p class='ocr_par' dir='ltr' id='par_1_76' title="bbox 219 5859 1808 5933">
     <span class='ocr_line' id='line_1_76' title="bbox 219 5859 1808 5933; baseline -0.003 -10"><span class='ocrx_word' id='word_1_585' title='bbox 219 5862 440 5923; x_wconf 85' lang='lat' dir='ltr'><strong>socium</strong></span> <span class='ocrx_word' id='word_1_586' title='bbox 481 5859 682 5933; x_wconf 83' lang='lat' dir='ltr'><strong>eligere</strong></span> <span class='ocrx_word' id='word_1_587' title='bbox 708 5875 870 5931; x_wconf 89' lang='lat' dir='ltr'><strong>quem</strong></span> <span class='ocrx_word' id='word_1_588' title='bbox 894 5859 1135 5916; x_wconf 90' lang='lat' dir='ltr'><strong>voluero.</strong></span> <span class='ocrx_word' id='word_1_589' title='bbox 1174 5859 1255 5916; x_wconf 85' lang='lat' dir='ltr'><strong>ita</strong></span> <span class='ocrx_word' id='word_1_590' title='bbox 1282 5875 1412 5917; x_wconf 90' lang='lat' dir='ltr'><strong>vero</strong></span> <span class='ocrx_word' id='word_1_591' title='bbox 1439 5868 1678 5920; x_wconf 86' lang='lat' dir='ltr'><strong>vestrum</strong></span> <span class='ocrx_word' id='word_1_592' title='bbox 1723 5867 1808 5918; x_wconf 89' lang='lat' dir='ltr'><strong>est</strong></span> 
     </span>
    </p>
   </div>
   <div class='ocr_carea' id='block_1_77' title="bbox 1889 1997 3479 2076">
    <p class='ocr_par' dir='ltr' id='par_1_77' title="bbox 1889 1997 3479 2076">
     <span class='ocr_line' id='line_1_77' title="bbox 1889 1997 3479 2076; baseline 0.007 -24"><span class='ocrx_word' id='word_1_593' title='bbox 1889 2010 2000 2052; x_wconf 86' lang='lat' dir='ltr'><strong>non</strong></span> <span class='ocrx_word' id='word_1_594' title='bbox 2048 1997 2260 2064; x_wconf 85' lang='lat' dir='ltr'><strong>voluit,</strong></span> <span class='ocrx_word' id='word_1_595' title='bbox 2306 2013 2402 2055; x_wconf 88' lang='lat' dir='ltr'><strong>seu</strong></span> <span class='ocrx_word' id='word_1_596' title='bbox 2439 2016 2546 2056; x_wconf 91' lang='lat' dir='ltr'><strong>non</strong></span> <span class='ocrx_word' id='word_1_597' title='bbox 2585 2003 2703 2057; x_wconf 85' lang='lat' dir='ltr'><strong>vult</strong></span> <span class='ocrx_word' id='word_1_598' title='bbox 2727 2005 2936 2059; x_wconf 88' lang='lat' dir='ltr'><strong>venire.</strong></span> <span class='ocrx_word' id='word_1_599' title='bbox 2994 2004 3099 2059; x_wconf 88' lang='lat' dir='ltr'><strong>Per</strong></span> <span class='ocrx_word' id='word_1_600' title='bbox 3131 2007 3238 2061; x_wconf 90' lang='lat' dir='ltr'><strong>hoc</strong></span> <span class='ocrx_word' id='word_1_601' title='bbox 3279 2022 3479 2076; x_wconf 87' lang='lat' dir='ltr'><strong>corpus</strong></span> 
     </span>
    </p>
   </div>
   <div class='ocr_carea' id='block_1_78' title="bbox 1890 2087 3478 2156">
    <p class='ocr_par' dir='ltr' id='par_1_78' title="bbox 1890 2087 3478 2156">
     <span class='ocr_line' id='line_1_78' title="bbox 1890 2087 3478 2156; baseline 0.008 -16"><span class='ocrx_word' id='word_1_602' title='bbox 1890 2087 2074 2141; x_wconf 90' lang='lat' dir='ltr'><strong>anima</strong></span> <span class='ocrx_word' id='word_1_603' title='bbox 2118 2096 2304 2144; x_wconf 89' lang='lat' dir='ltr'><strong>nostra</strong></span> <span class='ocrx_word' id='word_1_604' title='bbox 2334 2090 2490 2156; x_wconf 88' lang='lat' dir='ltr'><strong>vivit,</strong></span> <span class='ocrx_word' id='word_1_605' title='bbox 2530 2091 2744 2147; x_wconf 90' lang='lat' dir='ltr'><strong>dicente</strong></span> <span class='ocrx_word' id='word_1_606' title='bbox 2779 2094 2968 2148; x_wconf 86' lang='lat' dir='ltr'><strong>eodem</strong></span> <span class='ocrx_word' id='word_1_607' title='bbox 3018 2095 3249 2152; x_wconf 89' lang='lat' dir='ltr'><strong>Domino</strong></span> <span class='ocrx_word' id='word_1_608' title='bbox 3295 2115 3309 2151; x_wconf 87' lang='lat'>:</span> <span class='ocrx_word' id='word_1_609' title='bbox 3356 2097 3478 2153; x_wconf 82' lang='lat' dir='ltr'><strong>Nisi</strong></span> 
     </span>
    </p>
   </div>
   <div class='ocr_carea' id='block_1_79' title="bbox 1888 2178 3478 2260">
    <p class='ocr_par' dir='ltr' id='par_1_79' title="bbox 1888 2178 3478 2260">
     <span class='ocr_line' id='line_1_79' title="bbox 1888 2178 3478 2260; baseline 0.009 -29"><span class='ocrx_word' id='word_1_610' title='bbox 1888 2178 2334 2235; x_wconf 83' lang='lat' dir='ltr'><strong>manducaveritis</strong></span> <span class='ocrx_word' id='word_1_611' title='bbox 2362 2198 2574 2237; x_wconf 85' lang='lat' dir='ltr'><strong>carnem</strong></span> <span class='ocrx_word' id='word_1_612' title='bbox 2601 2183 2702 2251; x_wconf 79' lang='lat' dir='ltr'><strong>ﬁlii</strong></span> <span class='ocrx_word' id='word_1_613' title='bbox 2741 2185 2967 2239; x_wconf 86' lang='lat' dir='ltr'><strong>hominis</strong></span> <span class='ocrx_word' id='word_1_614' title='bbox 2991 2227 3005 2252; x_wconf 94' lang='lat'><strong>,</strong></span> <span class='ocrx_word' id='word_1_615' title='bbox 3035 2197 3083 2242; x_wconf 90' lang='lat' dir='ltr'><strong>et</strong></span> <span class='ocrx_word' id='word_1_616' title='bbox 3111 2188 3340 2244; x_wconf 86' lang='lat' dir='ltr'><strong>biberitis</strong></span> <span class='ocrx_word' id='word_1_617' title='bbox 3363 2191 3478 2260; x_wconf 84' lang='lat' dir='ltr'><strong>ejus</strong></span> 
     </span>
    </p>
   </div>
   <div class='ocr_carea' id='block_1_80' title="bbox 1889 2269 3478 2351">
    <p class='ocr_par' dir='ltr' id='par_1_80' title="bbox 1889 2269 3478 2351">
     <span class='ocr_line' id='line_1_80' title="bbox 1889 2269 3478 2351; baseline 0.008 -30"><span class='ocrx_word' id='word_1_618' title='bbox 1889 2269 2232 2338; x_wconf 85' lang='lat' dir='ltr'><strong>sanguinem,</strong></span> <span class='ocrx_word' id='word_1_619' title='bbox 2287 2287 2392 2325; x_wconf 90' lang='lat' dir='ltr'><strong>non</strong></span> <span class='ocrx_word' id='word_1_620' title='bbox 2443 2273 2697 2328; x_wconf 85' lang='lat' dir='ltr'><strong>habebitis</strong></span> <span class='ocrx_word' id='word_1_621' title='bbox 2757 2277 2912 2329; x_wconf 80' lang='lat' dir='ltr'><strong>vitam</strong></span> <span class='ocrx_word' id='word_1_622' title='bbox 2970 2278 3024 2332; x_wconf 84' lang='lat' dir='ltr'><strong>in</strong></span> <span class='ocrx_word' id='word_1_623' title='bbox 3104 2278 3478 2351; x_wconf 83' lang='lat' dir='ltr'><strong>vobismetipsis</strong></span> 
     </span>
    </p>
   </div>
   <div class='ocr_carea' id='block_1_81' title="bbox 1893 2360 3475 2440">
    <p class='ocr_par' dir='ltr' id='par_1_81' title="bbox 1893 2360 3475 2440">
     <span class='ocr_line' id='line_1_81' title="bbox 1893 2360 3475 2440; baseline 0.009 -26"><span class='ocrx_word' id='word_1_624' title='bbox 1893 2360 2082 2432; x_wconf 84' lang='lat' dir='ltr'><strong>(Joan.</strong></span> <span class='ocrx_word' id='word_1_625' title='bbox 2116 2378 2191 2430; x_wconf 81' lang='lat' dir='ltr'><strong>iV,</strong></span> <span class='ocrx_word' id='word_1_626' title='bbox 2222 2362 2334 2436; x_wconf 74' lang='grc'><strong>54).</strong></span> <span class='ocrx_word' id='word_1_627' title='bbox 2366 2362 2424 2419; x_wconf 90' lang='lat' dir='ltr'><strong>Si</strong></span> <span class='ocrx_word' id='word_1_628' title='bbox 2457 2366 2604 2421; x_wconf 87' lang='lat' dir='ltr'><strong>enim</strong></span> <span class='ocrx_word' id='word_1_629' title='bbox 2627 2367 2801 2437; x_wconf 90' lang='lat' dir='ltr'><strong>ipsum</strong></span> <span class='ocrx_word' id='word_1_630' title='bbox 2835 2384 3033 2440; x_wconf 87' lang='lat' dir='ltr'><strong>corpus</strong></span> <span class='ocrx_word' id='word_1_631' title='bbox 3057 2371 3164 2425; x_wconf 86' lang='lat' dir='ltr'><strong>vita</strong></span> <span class='ocrx_word' id='word_1_632' title='bbox 3189 2373 3344 2428; x_wconf 84' lang='lat' dir='ltr'><strong>nobis</strong></span> <span class='ocrx_word' id='word_1_633' title='bbox 3371 2383 3475 2440; x_wconf 83' lang='lat' dir='ltr'><strong>est,</strong></span> 
     </span>
    </p>
   </div>
   <div class='ocr_carea' id='block_1_82' title="bbox 1891 2452 3480 2533">
    <p class='ocr_par' dir='ltr' id='par_1_82' title="bbox 1891 2452 3480 2533">
     <span class='ocr_line' id='line_1_82' title="bbox 1891 2452 3480 2533; baseline 0.009 -26"><span class='ocrx_word' id='word_1_634' title='bbox 1891 2467 2002 2508; x_wconf 82' lang='lat' dir='ltr'><strong>non</strong></span> <span class='ocrx_word' id='word_1_635' title='bbox 2032 2453 2083 2508; x_wconf 92' lang='lat' dir='ltr'><strong>ei</strong></span> <span class='ocrx_word' id='word_1_636' title='bbox 2119 2452 2364 2510; x_wconf 89' lang='lat' dir='ltr'><strong>aufertur</strong></span> <span class='ocrx_word' id='word_1_637' title='bbox 2399 2465 2623 2529; x_wconf 91' lang='lat' dir='ltr'><strong>propter</strong></span> <span class='ocrx_word' id='word_1_638' title='bbox 2651 2467 2894 2516; x_wconf 87' lang='lat' dir='ltr'><strong>nostram</strong></span> <span class='ocrx_word' id='word_1_639' title='bbox 2933 2463 3330 2533; x_wconf 85' lang='lat' dir='ltr'><strong>separationem</strong></span> <span class='ocrx_word' id='word_1_640' title='bbox 3360 2467 3480 2522; x_wconf 85' lang='lat' dir='ltr'><strong>ubi-</strong></span> 
     </span>
    </p>
   </div>
   <div class='ocr_carea' id='block_1_83' title="bbox 1893 2545 3480 2620">
    <p class='ocr_par' dir='ltr' id='par_1_83' title="bbox 1893 2545 3480 2620">
     <span class='ocr_line' id='line_1_83' title="bbox 1893 2545 3480 2620; baseline 0.008 -19"><span class='ocrx_word' id='word_1_641' title='bbox 1893 2560 2110 2616; x_wconf 89' lang='lat' dir='ltr'><strong>cunque</strong></span> <span class='ocrx_word' id='word_1_642' title='bbox 2141 2545 2306 2603; x_wconf 91' lang='lat' dir='ltr'><strong>fuerit</strong></span> <span class='ocrx_word' id='word_1_643' title='bbox 2337 2550 2480 2620; x_wconf 89' lang='lat' dir='ltr'><strong>quod</strong></span> <span class='ocrx_word' id='word_1_644' title='bbox 2507 2565 2576 2606; x_wconf 81' lang='lat' dir='ltr'><strong>ex</strong></span> <span class='ocrx_word' id='word_1_645' title='bbox 2603 2567 2661 2607; x_wconf 89' lang='lat' dir='ltr'><strong>se</strong></span> <span class='ocrx_word' id='word_1_646' title='bbox 2695 2553 2881 2620; x_wconf 86' lang='lat' dir='ltr'><strong>habet,</strong></span> <span class='ocrx_word' id='word_1_647' title='bbox 2910 2561 2967 2609; x_wconf 87' lang='lat' dir='ltr'><strong>et</strong></span> <span class='ocrx_word' id='word_1_648' title='bbox 2995 2555 3152 2612; x_wconf 91' lang='lat' dir='ltr'><strong>nobis</strong></span> <span class='ocrx_word' id='word_1_649' title='bbox 3177 2571 3243 2612; x_wconf 86' lang='lat' dir='ltr'><strong>ex</strong></span> <span class='ocrx_word' id='word_1_650' title='bbox 3288 2573 3346 2614; x_wconf 91' lang='lat' dir='ltr'><strong>se</strong></span> <span class='ocrx_word' id='word_1_651' title='bbox 3383 2559 3480 2614; x_wconf 26' lang='lat' dir='ltr'><strong>trit</strong></span> 
     </span>
    </p>
   </div>
   <div class='ocr_carea' id='block_1_84' title="bbox 1891 2638 2027 2695">
    <p class='ocr_par' dir='ltr' id='par_1_84' title="bbox 1891 2638 2027 2695">
     <span class='ocr_line' id='line_1_84' title="bbox 1891 2638 2027 2695; baseline -0.007 0"><span class='ocrx_word' id='word_1_652' title='bbox 1891 2638 2027 2695; x_wconf 90' lang='lat' dir='ltr'><strong>buit.</strong></span> 
     </span>
    </p>
   </div>
   <div class='ocr_carea' id='block_1_85' title="bbox 1965 2731 3479 2807">
    <p class='ocr_par' dir='ltr' id='par_1_85' title="bbox 1965 2731 3479 2807">
     <span class='ocr_line' id='line_1_85' title="bbox 1965 2731 3479 2807; baseline 0.009 -23"><span class='ocrx_word' id='word_1_653' title='bbox 1965 2731 2069 2786; x_wconf 87' lang='lat' dir='ltr'><strong>Fili</strong></span> <span class='ocrx_word' id='word_1_654' title='bbox 2095 2731 2193 2798; x_wconf 90' lang='lat' dir='ltr'><strong>mi,</strong></span> <span class='ocrx_word' id='word_1_655' title='bbox 2225 2732 2310 2788; x_wconf 92' lang='lat' dir='ltr'><strong>dic</strong></span> <span class='ocrx_word' id='word_1_656' title='bbox 2334 2734 2672 2807; x_wconf 88' lang='lat' dir='ltr'><strong>presbyteris</strong></span> <span class='ocrx_word' id='word_1_657' title='bbox 2700 2736 2827 2804; x_wconf 83' lang='lat' dir='ltr'><strong>tuis,</strong></span> <span class='ocrx_word' id='word_1_658' title='bbox 2860 2746 2921 2793; x_wconf 91' lang='lat' dir='ltr'><strong>ut</strong></span> <span class='ocrx_word' id='word_1_659' title='bbox 2948 2747 3178 2795; x_wconf 89' lang='lat' dir='ltr'><strong>caveant</strong></span> <span class='ocrx_word' id='word_1_660' title='bbox 3207 2756 3275 2797; x_wconf 91' lang='lat' dir='ltr'><strong>ne</strong></span> <span class='ocrx_word' id='word_1_661' title='bbox 3309 2758 3479 2798; x_wconf 84' lang='lat' dir='ltr'><strong>unum</strong></span> 
     </span>
    </p>
   </div>
   <div class='ocr_carea' id='block_1_86' title="bbox 1894 2821 3483 2895">
    <p class='ocr_par' dir='ltr' id='par_1_86' title="bbox 1894 2821 3483 2895">
     <span class='ocr_line' id='line_1_86' title="bbox 1894 2821 3483 2895; baseline 0.007 -17"><span class='ocrx_word' id='word_1_662' title='bbox 1894 2821 2121 2878; x_wconf 84' lang='lat' dir='ltr'><strong>verbum</strong></span> <span class='ocrx_word' id='word_1_663' title='bbox 2169 2837 2238 2878; x_wconf 86' lang='lat' dir='ltr'><strong>ex</strong></span> <span class='ocrx_word' id='word_1_664' title='bbox 2283 2824 2370 2881; x_wconf 89' lang='lat' dir='ltr'><strong>his</strong></span> <span class='ocrx_word' id='word_1_665' title='bbox 2413 2841 2533 2895; x_wconf 86' lang='lat' dir='ltr'><strong>quae</strong></span> <span class='ocrx_word' id='word_1_666' title='bbox 2567 2826 2828 2884; x_wconf 91' lang='lat' dir='ltr'><strong>Dominus</strong></span> <span class='ocrx_word' id='word_1_667' title='bbox 2874 2828 3086 2886; x_wconf 89' lang='lat' dir='ltr'><strong>locutus</strong></span> <span class='ocrx_word' id='word_1_668' title='bbox 3112 2832 3276 2887; x_wconf 90' lang='lat' dir='ltr'><strong>estin</strong></span> <span class='ocrx_word' id='word_1_669' title='bbox 3305 2832 3483 2888; x_wconf 85' lang='lat' dir='ltr'><strong>Evan-</strong></span> 
     </span>
    </p>
   </div>
   <div class='ocr_carea' id='block_1_87' title="bbox 1896 2913 3482 2996">
    <p class='ocr_par' dir='ltr' id='par_1_87' title="bbox 1896 2913 3482 2996">
     <span class='ocr_line' id='line_1_87' title="bbox 1896 2913 3482 2996; baseline 0.007 -26"><span class='ocrx_word' id='word_1_670' title='bbox 1896 2913 2056 2984; x_wconf 83' lang='lat' dir='ltr'><strong>gelio,</strong></span> <span class='ocrx_word' id='word_1_671' title='bbox 2085 2915 2313 2970; x_wconf 83' lang='lat' dir='ltr'><strong>excedat</strong></span> <span class='ocrx_word' id='word_1_672' title='bbox 2339 2917 2405 2971; x_wconf 90' lang='lat' dir='ltr'><strong>de</strong></span> <span class='ocrx_word' id='word_1_673' title='bbox 2431 2916 2596 2973; x_wconf 90' lang='lat' dir='ltr'><strong>corde</strong></span> <span class='ocrx_word' id='word_1_674' title='bbox 2625 2934 2815 2975; x_wconf 89' lang='lat' dir='ltr'><strong>eorum</strong></span> <span class='ocrx_word' id='word_1_675' title='bbox 2841 2961 2856 2987; x_wconf 92' lang='lat'><strong>,</strong></span> <span class='ocrx_word' id='word_1_676' title='bbox 2905 2925 3159 2990; x_wconf 90' lang='lat' dir='ltr'><strong>quoniam</strong></span> <span class='ocrx_word' id='word_1_677' title='bbox 3204 2933 3260 2978; x_wconf 89' lang='lat' dir='ltr'><strong>et</strong></span> <span class='ocrx_word' id='word_1_678' title='bbox 3303 2925 3482 2996; x_wconf 91' lang='lat' dir='ltr'><strong>ipsum</strong></span> 
     </span>
    </p>
   </div>
   <div class='ocr_carea' id='block_1_88' title="bbox 1897 3005 3483 3080">
    <p class='ocr_par' dir='ltr' id='par_1_88' title="bbox 1897 3005 3483 3080">
     <span class='ocr_line' id='line_1_88' title="bbox 1897 3005 3483 3080; baseline 0.008 -21"><span class='ocrx_word' id='word_1_679' title='bbox 1897 3007 2007 3061; x_wconf 91' lang='lat' dir='ltr'><strong>vita</strong></span> <span class='ocrx_word' id='word_1_680' title='bbox 2035 3005 2191 3062; x_wconf 90' lang='lat' dir='ltr'><strong>nobis</strong></span> <span class='ocrx_word' id='word_1_681' title='bbox 2221 3015 2324 3074; x_wconf 89' lang='lat' dir='ltr'><strong>est,</strong></span> <span class='ocrx_word' id='word_1_682' title='bbox 2354 3009 2494 3064; x_wconf 90' lang='lat' dir='ltr'><strong>sicut</strong></span> <span class='ocrx_word' id='word_1_683' title='bbox 2521 3011 2678 3080; x_wconf 90' lang='lat' dir='ltr'><strong>panis</strong></span> <span class='ocrx_word' id='word_1_684' title='bbox 2717 3021 3090 3068; x_wconf 89' lang='lat' dir='ltr'><strong>consecratus.</strong></span> <span class='ocrx_word' id='word_1_685' title='bbox 3123 3013 3266 3070; x_wconf 90' lang='lat' dir='ltr'><strong>Dicit</strong></span> <span class='ocrx_word' id='word_1_686' title='bbox 3301 3017 3483 3072; x_wconf 79' lang='lat' dir='ltr'><strong>Domi-</strong></span> 
     </span>
    </p>
   </div>
   <div class='ocr_carea' id='block_1_89' title="bbox 1861 3094 3483 3175">
    <p class='ocr_par' dir='ltr' id='par_1_89' title="bbox 1861 3094 3483 3175">
     <span class='ocr_line' id='line_1_89' title="bbox 1861 3094 3483 3175; baseline 0.007 -23"><span class='ocrx_word' id='word_1_687' title='bbox 1861 3094 1863 3096; x_wconf 68' lang='grc'><em>’</em></span> <span class='ocrx_word' id='word_1_688' title='bbox 1896 3113 2000 3153; x_wconf 90' lang='lat' dir='ltr'><strong>nus</strong></span> <span class='ocrx_word' id='word_1_689' title='bbox 2028 3100 2082 3152; x_wconf 91' lang='lat' dir='ltr'><strong>in</strong></span> <span class='ocrx_word' id='word_1_690' title='bbox 2113 3099 2445 3168; x_wconf 86' lang='lat' dir='ltr'><strong>Evangelio:</strong></span> <span class='ocrx_word' id='word_1_691' title='bbox 2485 3099 2655 3156; x_wconf 83' lang='lat' dir='ltr'><strong>Verba</strong></span> <span class='ocrx_word' id='word_1_692' title='bbox 2684 3119 2802 3174; x_wconf 78' lang='lat' dir='ltr'><strong>qua:</strong></span> <span class='ocrx_word' id='word_1_693' title='bbox 2821 3120 2914 3175; x_wconf 86' lang='lat' dir='ltr'><strong>ego</strong></span> <span class='ocrx_word' id='word_1_694' title='bbox 2937 3103 3142 3160; x_wconf 85' lang='lat' dir='ltr'><strong>locutus</strong></span> <span class='ocrx_word' id='word_1_695' title='bbox 3175 3123 3291 3160; x_wconf 83' lang='lat' dir='ltr'><strong>sum</strong></span> <span class='ocrx_word' id='word_1_696' title='bbox 3320 3109 3483 3175; x_wconf 79' lang='lat' dir='ltr'><strong>vobis,</strong></span> 
     </span>
    </p>
   </div>
   <div class='ocr_carea' id='block_1_90' title="bbox 1898 3193 3487 3269">
    <p class='ocr_par' dir='ltr' id='par_1_90' title="bbox 1898 3193 3487 3269">
     <span class='ocr_line' id='line_1_90' title="bbox 1898 3193 3487 3269; baseline 0.006 -23"><span class='ocrx_word' id='word_1_697' title='bbox 1898 3193 2115 3263; x_wconf 83' lang='lat' dir='ltr'><strong>spiritus</strong></span> <span class='ocrx_word' id='word_1_698' title='bbox 2157 3203 2204 3247; x_wconf 89' lang='lat' dir='ltr'><strong>et</strong></span> <span class='ocrx_word' id='word_1_699' title='bbox 2249 3193 2354 3247; x_wconf 85' lang='lat' dir='ltr'><strong>vita</strong></span> <span class='ocrx_word' id='word_1_700' title='bbox 2384 3204 2505 3249; x_wconf 89' lang='lat' dir='ltr'><strong>sunt</strong></span> <span class='ocrx_word' id='word_1_701' title='bbox 2534 3193 2719 3265; x_wconf 80' lang='lat' dir='ltr'><strong>(Joan.</strong></span> <span class='ocrx_word' id='word_1_702' title='bbox 2758 3213 2843 3261; x_wconf 84' lang='lat' dir='ltr'><strong>v1,</strong></span> <span class='ocrx_word' id='word_1_703' title='bbox 2895 3196 3006 3269; x_wconf 69' lang='grc'><strong>64).</strong></span> <span class='ocrx_word' id='word_1_704' title='bbox 3045 3198 3376 3268; x_wconf 62' lang='lat' dir='ltr'><strong>Praeceptum</strong></span> <span class='ocrx_word' id='word_1_705' title='bbox 3403 3209 3487 3256; x_wconf 91' lang='lat' dir='ltr'><strong>est</strong></span> 
     </span>
    </p>
   </div>
   <div class='ocr_carea' id='block_1_91' title="bbox 1821 3276 3487 3364">
    <p class='ocr_par' dir='ltr' id='par_1_91' title="bbox 1821 3276 3487 3364">
     <span class='ocr_line' id='line_1_91' title="bbox 1821 3276 3487 3364; baseline 0.006 -26"><span class='ocrx_word' id='word_1_706' title='bbox 1821 3276 1868 3338; x_wconf 88' lang='lat' dir='ltr'><strong><em>C</em></strong></span> <span class='ocrx_word' id='word_1_707' title='bbox 1897 3285 2034 3340; x_wconf 85' lang='lat' dir='ltr'><strong>mihi</strong></span> <span class='ocrx_word' id='word_1_708' title='bbox 2065 3285 2120 3338; x_wconf 88' lang='lat' dir='ltr'><strong>in</strong></span> <span class='ocrx_word' id='word_1_709' title='bbox 2140 3285 2260 3354; x_wconf 89' lang='lat' dir='ltr'><strong>lege</strong></span> <span class='ocrx_word' id='word_1_710' title='bbox 2292 3303 2304 3338; x_wconf 89' lang='lat'>:</span> <span class='ocrx_word' id='word_1_711' title='bbox 2335 3284 2396 3340; x_wconf 89' lang='lat' dir='ltr'><strong>Si</strong></span> <span class='ocrx_word' id='word_1_712' title='bbox 2418 3286 2620 3358; x_wconf 83' lang='lat' dir='ltr'><strong>aliquid</strong></span> <span class='ocrx_word' id='word_1_713' title='bbox 2658 3291 2964 3343; x_wconf 85' lang='lat' dir='ltr'><strong>remanserit</strong></span> <span class='ocrx_word' id='word_1_714' title='bbox 2993 3291 3058 3344; x_wconf 86' lang='lat' dir='ltr'><strong>de</strong></span> <span class='ocrx_word' id='word_1_715' title='bbox 3085 3309 3242 3361; x_wconf 83' lang='lat' dir='ltr'><strong>agno,</strong></span> <span class='ocrx_word' id='word_1_716' title='bbox 3274 3302 3330 3346; x_wconf 88' lang='lat' dir='ltr'><strong>ut</strong></span> <span class='ocrx_word' id='word_1_717' title='bbox 3369 3294 3487 3364; x_wconf 83' lang='lat' dir='ltr'><strong>igne</strong></span> 
     </span>
    </p>
   </div>
   <div class='ocr_carea' id='block_1_92' title="bbox 1897 3374 3486 3453">
    <p class='ocr_par' dir='ltr' id='par_1_92' title="bbox 1897 3374 3486 3453">
     <span class='ocr_line' id='line_1_92' title="bbox 1897 3374 3486 3453; baseline 0.008 -25"><span class='ocrx_word' id='word_1_718' title='bbox 1897 3375 2201 3429; x_wconf 82' lang='lat' dir='ltr'><strong>comburam</strong></span> <span class='ocrx_word' id='word_1_719' title='bbox 2243 3374 2378 3429; x_wconf 88' lang='lat' dir='ltr'><strong>illud</strong></span> <span class='ocrx_word' id='word_1_720' title='bbox 2414 3375 2612 3448; x_wconf 75' lang='lat' dir='ltr'><strong>(Exod.</strong></span> <span class='ocrx_word' id='word_1_721' title='bbox 2642 3394 2797 3446; x_wconf 69' lang='lat' dir='ltr'><strong>xxxx,</strong></span> <span class='ocrx_word' id='word_1_722' title='bbox 2828 3379 2941 3452; x_wconf 61' lang='grc'><strong>54).</strong></span> <span class='ocrx_word' id='word_1_723' title='bbox 2971 3381 3064 3436; x_wconf 88' lang='lat' dir='ltr'><strong>Ille</strong></span> <span class='ocrx_word' id='word_1_724' title='bbox 3093 3398 3264 3453; x_wconf 85' lang='lat' dir='ltr'><strong>agnus</strong></span> <span class='ocrx_word' id='word_1_725' title='bbox 3286 3383 3486 3442; x_wconf 89' lang='lat' dir='ltr'><strong>Christi</strong></span> 
     </span>
    </p>
   </div>
   <div class='ocr_carea' id='block_1_93' title="bbox 1897 3467 3488 3547">
    <p class='ocr_par' dir='ltr' id='par_1_93' title="bbox 1897 3467 3488 3547">
     <span class='ocr_line' id='line_1_93' title="bbox 1897 3467 3488 3547; baseline 0.006 -24"><span class='ocrx_word' id='word_1_726' title='bbox 1897 3483 2116 3524; x_wconf 89' lang='lat' dir='ltr'><strong>carnem</strong></span> <span class='ocrx_word' id='word_1_727' title='bbox 2145 3467 2547 3541; x_wconf 85' lang='lat' dir='ltr'><strong>praeﬁgurabat.</strong></span> <span class='ocrx_word' id='word_1_728' title='bbox 2582 3470 2846 3542; x_wconf 68' lang='lat' dir='ltr'><strong>Reliquiae</strong></span> <span class='ocrx_word' id='word_1_729' title='bbox 2874 3474 2999 3545; x_wconf 83' lang='lat' dir='ltr'><strong>agni</strong></span> <span class='ocrx_word' id='word_1_730' title='bbox 3027 3489 3147 3544; x_wconf 62' lang='lat' dir='ltr'><strong>quae</strong></span> <span class='ocrx_word' id='word_1_731' title='bbox 3175 3477 3298 3547; x_wconf 86' lang='lat' dir='ltr'><strong>igne</strong></span> <span class='ocrx_word' id='word_1_732' title='bbox 3339 3493 3488 3534; x_wconf 88' lang='lat' dir='ltr'><strong>com-</strong></span> 
     </span>
    </p>
   </div>
   <div class='ocr_carea' id='block_1_94' title="bbox 1895 3557 3489 3639">
    <p class='ocr_par' dir='ltr' id='par_1_94' title="bbox 1895 3557 3489 3639">
     <span class='ocr_line' id='line_1_94' title="bbox 1895 3557 3489 3639; baseline 0.007 -26"><span class='ocrx_word' id='word_1_733' title='bbox 1895 3558 2019 3613; x_wconf 91' lang='lat' dir='ltr'><strong>buri</strong></span> <span class='ocrx_word' id='word_1_734' title='bbox 2063 3557 2384 3614; x_wconf 87' lang='lat' dir='ltr'><strong>videbantur</strong></span> <span class='ocrx_word' id='word_1_735' title='bbox 2412 3601 2428 3626; x_wconf 93' lang='lat'><strong>,</strong></span> <span class='ocrx_word' id='word_1_736' title='bbox 2491 3562 2750 3632; x_wconf 86' lang='lat' dir='ltr'><strong>mysteria</strong></span> <span class='ocrx_word' id='word_1_737' title='bbox 2799 3571 2927 3618; x_wconf 88' lang='lat' dir='ltr'><strong>sunt</strong></span> <span class='ocrx_word' id='word_1_738' title='bbox 2978 3565 3279 3623; x_wconf 81' lang='lat' dir='ltr'><strong>divinitatis</strong></span> <span class='ocrx_word' id='word_1_739' title='bbox 3312 3609 3326 3634; x_wconf 95' lang='lat'><strong>,</strong></span> <span class='ocrx_word' id='word_1_740' title='bbox 3367 3584 3489 3639; x_wconf 74' lang='lat' dir='ltr'><strong>quze</strong></span> 
     </span>
    </p>
   </div>
   <div class='ocr_carea' id='block_1_95' title="bbox 1897 3649 3489 3729">
    <p class='ocr_par' dir='ltr' id='par_1_95' title="bbox 1897 3649 3489 3729">
     <span class='ocr_line' id='line_1_95' title="bbox 1897 3649 3489 3729; baseline 0.007 -25"><span class='ocrx_word' id='word_1_741' title='bbox 1897 3649 2018 3720; x_wconf 84' lang='lat' dir='ltr'><strong>capi</strong></span> <span class='ocrx_word' id='word_1_742' title='bbox 2047 3664 2153 3706; x_wconf 91' lang='lat' dir='ltr'><strong>non</strong></span> <span class='ocrx_word' id='word_1_743' title='bbox 2175 3659 2407 3720; x_wconf 88' lang='lat' dir='ltr'><strong>possunt</strong></span> <span class='ocrx_word' id='word_1_744' title='bbox 2433 3666 2464 3705; x_wconf 87' lang='lat' dir='ltr'><strong>a</strong></span> <span class='ocrx_word' id='word_1_745' title='bbox 2493 3652 2671 3718; x_wconf 90' lang='lat' dir='ltr'><strong>nobis,</strong></span> <span class='ocrx_word' id='word_1_746' title='bbox 2705 3652 2798 3708; x_wconf 89' lang='lat' dir='ltr'><strong>sed</strong></span> <span class='ocrx_word' id='word_1_747' title='bbox 2827 3653 3042 3710; x_wconf 85' lang='lat' dir='ltr'><strong>Domini</strong></span> <span class='ocrx_word' id='word_1_748' title='bbox 3068 3652 3338 3728; x_wconf 74' lang='lat' dir='ltr'><strong>praeCepto</strong></span> <span class='ocrx_word' id='word_1_749' title='bbox 3365 3660 3489 3729; x_wconf 84' lang='lat' dir='ltr'><strong>igne</strong></span> 
     </span>
    </p>
   </div>
   <div class='ocr_carea' id='block_1_96' title="bbox 1897 3739 3486 3817">
    <p class='ocr_par' dir='ltr' id='par_1_96' title="bbox 1897 3739 3486 3817">
     <span class='ocr_line' id='line_1_96' title="bbox 1897 3739 3486 3817; baseline 0.006 -23"><span class='ocrx_word' id='word_1_750' title='bbox 1897 3739 2187 3795; x_wconf 88' lang='lat' dir='ltr'><strong>charitatis</strong></span> <span class='ocrx_word' id='word_1_751' title='bbox 2229 3741 2555 3797; x_wconf 84' lang='lat' dir='ltr'><strong>assumenda</strong></span> <span class='ocrx_word' id='word_1_752' title='bbox 2589 3751 2716 3798; x_wconf 90' lang='lat' dir='ltr'><strong>sunt</strong></span> <span class='ocrx_word' id='word_1_753' title='bbox 2742 3743 2798 3799; x_wconf 92' lang='lat' dir='ltr'><strong>in</strong></span> <span class='ocrx_word' id='word_1_754' title='bbox 2825 3745 3033 3801; x_wconf 82' lang='lat' dir='ltr'><strong>caelesti</strong></span> <span class='ocrx_word' id='word_1_755' title='bbox 3064 3747 3356 3804; x_wconf 87' lang='lat' dir='ltr'><strong>oblatione.</strong></span> <span class='ocrx_word' id='word_1_756' title='bbox 3383 3749 3486 3817; x_wconf 85' lang='lat' dir='ltr'><strong>illi,</strong></span> 
     </span>
    </p>
   </div>
   <div class='ocr_carea' id='block_1_97' title="bbox 1899 3828 3489 3906">
    <p class='ocr_par' dir='ltr' id='par_1_97' title="bbox 1899 3828 3489 3906">
     <span class='ocr_line' id='line_1_97' title="bbox 1899 3828 3489 3906; baseline 0.007 -21"><span class='ocrx_word' id='word_1_757' title='bbox 1899 3828 1955 3885; x_wconf 91' lang='lat' dir='ltr'><strong>id</strong></span> <span class='ocrx_word' id='word_1_758' title='bbox 1987 3838 2074 3884; x_wconf 88' lang='lat' dir='ltr'><strong>est</strong></span> <span class='ocrx_word' id='word_1_759' title='bbox 2104 3830 2214 3902; x_wconf 89' lang='lat' dir='ltr'><strong>igni</strong></span> <span class='ocrx_word' id='word_1_760' title='bbox 2248 3832 2562 3900; x_wconf 86' lang='lat' dir='ltr'><strong>charitatis,</strong></span> <span class='ocrx_word' id='word_1_761' title='bbox 2608 3835 2792 3889; x_wconf 90' lang='lat' dir='ltr'><strong>omnia</strong></span> <span class='ocrx_word' id='word_1_762' title='bbox 2835 3839 3174 3906; x_wconf 90' lang='lat' dir='ltr'><strong>commendo,</strong></span> <span class='ocrx_word' id='word_1_763' title='bbox 3207 3855 3328 3894; x_wconf 87' lang='lat' dir='ltr'><strong>mea</strong></span> <span class='ocrx_word' id='word_1_764' title='bbox 3349 3850 3489 3896; x_wconf 88' lang='lat' dir='ltr'><strong>utet</strong></span> 
     </span>
    </p>
   </div>
   <div class='ocr_carea' id='block_1_98' title="bbox 1898 3921 3483 3991">
    <p class='ocr_par' dir='ltr' id='par_1_98' title="bbox 1898 3921 3483 3991">
     <span class='ocr_line' id='line_1_98' title="bbox 1898 3921 3483 3991; baseline 0.008 -15"><span class='ocrx_word' id='word_1_765' title='bbox 1898 3921 1994 3977; x_wconf 89' lang='lat' dir='ltr'><strong>illo</strong></span> <span class='ocrx_word' id='word_1_766' title='bbox 2013 3921 2144 3976; x_wconf 89' lang='lat' dir='ltr'><strong>vitia</strong></span> <span class='ocrx_word' id='word_1_767' title='bbox 2169 3931 2582 3991; x_wconf 87' lang='lat' dir='ltr'><strong>consumantur,</strong></span> <span class='ocrx_word' id='word_1_768' title='bbox 2616 3935 2672 3981; x_wconf 88' lang='lat' dir='ltr'><strong>et</strong></span> <span class='ocrx_word' id='word_1_769' title='bbox 2698 3927 2825 3982; x_wconf 86' lang='lat' dir='ltr'><strong>boni</strong></span> <span class='ocrx_word' id='word_1_770' title='bbox 2857 3927 3083 3985; x_wconf 75' lang='lat' dir='ltr'><strong>affectus</strong></span> <span class='ocrx_word' id='word_1_771' title='bbox 3117 3943 3483 3990; x_wconf 89' lang='lat' dir='ltr'><strong>assumantur.</strong></span> 
     </span>
    </p>
   </div>
   <div class='ocr_carea' id='block_1_99' title="bbox 1967 4013 3481 4091">
    <p class='ocr_par' dir='ltr' id='par_1_99' title="bbox 1967 4013 3481 4091">
     <span class='ocr_line' id='line_1_99' title="bbox 1967 4013 3481 4091; baseline 0.01 -25"><span class='ocrx_word' id='word_1_772' title='bbox 1967 4013 2046 4067; x_wconf 88' lang='lat' dir='ltr'><strong>lta</strong></span> <span class='ocrx_word' id='word_1_773' title='bbox 2075 4027 2204 4068; x_wconf 86' lang='lat' dir='ltr'><strong>vero</strong></span> <span class='ocrx_word' id='word_1_774' title='bbox 2231 4023 2506 4084; x_wconf 87' lang='lat' dir='ltr'><strong>sumptum</strong></span> <span class='ocrx_word' id='word_1_775' title='bbox 2536 4030 2732 4086; x_wconf 89' lang='lat' dir='ltr'><strong>corpus</strong></span> <span class='ocrx_word' id='word_1_776' title='bbox 2753 4019 2968 4074; x_wconf 90' lang='lat' dir='ltr'><strong>Domini</strong></span> <span class='ocrx_word' id='word_1_777' title='bbox 2995 4021 3136 4076; x_wconf 91' lang='lat' dir='ltr'><strong>bona</strong></span> <span class='ocrx_word' id='word_1_778' title='bbox 3161 4022 3481 4091; x_wconf 89' lang='lat' dir='ltr'><strong>intentione,</strong></span> 
     </span>
    </p>
   </div>
   <div class='ocr_carea' id='block_1_100' title="bbox 1898 4107 3483 4179">
    <p class='ocr_par' dir='ltr' id='par_1_100' title="bbox 1898 4107 3483 4179">
     <span class='ocr_line' id='line_1_100' title="bbox 1898 4107 3483 4179; baseline 0.009 -20"><span class='ocrx_word' id='word_1_779' title='bbox 1898 4121 2006 4161; x_wconf 89' lang='lat' dir='ltr'><strong>non</strong></span> <span class='ocrx_word' id='word_1_780' title='bbox 2037 4114 2124 4160; x_wconf 90' lang='lat' dir='ltr'><strong>est</strong></span> <span class='ocrx_word' id='word_1_781' title='bbox 2152 4107 2285 4162; x_wconf 89' lang='lat' dir='ltr'><strong>mihi</strong></span> <span class='ocrx_word' id='word_1_782' title='bbox 2326 4108 2708 4179; x_wconf 85' lang='lat' dir='ltr'><strong>disputandum</strong></span> <span class='ocrx_word' id='word_1_783' title='bbox 2737 4151 2753 4177; x_wconf 94' lang='lat'><strong>,</strong></span> <span class='ocrx_word' id='word_1_784' title='bbox 2790 4120 2974 4168; x_wconf 90' lang='lat' dir='ltr'><strong>utrum</strong></span> <span class='ocrx_word' id='word_1_785' title='bbox 3021 4115 3368 4172; x_wconf 88' lang='lat' dir='ltr'><strong>invisibiliter</strong></span> <span class='ocrx_word' id='word_1_786' title='bbox 3391 4133 3483 4174; x_wconf 87' lang='lat' dir='ltr'><strong>as-</strong></span> 
     </span>
    </p>
   </div>
   <div class='ocr_carea' id='block_1_101' title="bbox 1899 4200 3484 4278">
    <p class='ocr_par' dir='ltr' id='par_1_101' title="bbox 1899 4200 3484 4278">
     <span class='ocr_line' id='line_1_101' title="bbox 1899 4200 3484 4278; baseline 0.008 -24"><span class='ocrx_word' id='word_1_787' title='bbox 1899 4210 2146 4254; x_wconf 85' lang='lat' dir='ltr'><strong>sumatur</strong></span> <span class='ocrx_word' id='word_1_788' title='bbox 2174 4200 2230 4254; x_wconf 89' lang='lat' dir='ltr'><strong>in</strong></span> <span class='ocrx_word' id='word_1_789' title='bbox 2257 4201 2455 4256; x_wconf 67' lang='lat' dir='ltr'><strong>caelum</strong></span> <span class='ocrx_word' id='word_1_790' title='bbox 2481 4242 2496 4267; x_wconf 95' lang='lat'><strong>,</strong></span> <span class='ocrx_word' id='word_1_791' title='bbox 2529 4217 2598 4256; x_wconf 89' lang='lat' dir='ltr'><strong>an</strong></span> <span class='ocrx_word' id='word_1_792' title='bbox 2623 4213 2932 4260; x_wconf 87' lang='lat' dir='ltr'><strong>reservetur</strong></span> <span class='ocrx_word' id='word_1_793' title='bbox 2953 4206 3007 4260; x_wconf 92' lang='lat' dir='ltr'><strong>in</strong></span> <span class='ocrx_word' id='word_1_794' title='bbox 3037 4223 3264 4278; x_wconf 89' lang='lat' dir='ltr'><strong>corpore</strong></span> <span class='ocrx_word' id='word_1_795' title='bbox 3295 4221 3484 4267; x_wconf 91' lang='lat' dir='ltr'><strong>nostro</strong></span> 
     </span>
    </p>
   </div>
   <div class='ocr_carea' id='block_1_102' title="bbox 1897 4293 3482 4370">
    <p class='ocr_par' dir='ltr' id='par_1_102' title="bbox 1897 4293 3482 4370">
     <span class='ocr_line' id='line_1_102' title="bbox 1897 4293 3482 4370; baseline 0.007 -22"><span class='ocrx_word' id='word_1_796' title='bbox 1897 4308 2072 4362; x_wconf 89' lang='lat' dir='ltr'><strong>usque</strong></span> <span class='ocrx_word' id='word_1_797' title='bbox 2103 4293 2156 4348; x_wconf 92' lang='lat' dir='ltr'><strong>in</strong></span> <span class='ocrx_word' id='word_1_798' title='bbox 2195 4293 2336 4350; x_wconf 91' lang='lat' dir='ltr'><strong>diem</strong></span> <span class='ocrx_word' id='word_1_799' title='bbox 2368 4294 2696 4364; x_wconf 81' lang='lat' dir='ltr'><strong>sepulturae,</strong></span> <span class='ocrx_word' id='word_1_800' title='bbox 2741 4305 2836 4352; x_wconf 90' lang='lat' dir='ltr'><strong>aut</strong></span> <span class='ocrx_word' id='word_1_801' title='bbox 2865 4299 3153 4355; x_wconf 76' lang='lat' dir='ltr'><strong>exhaletur</strong></span> <span class='ocrx_word' id='word_1_802' title='bbox 3180 4301 3236 4356; x_wconf 90' lang='lat' dir='ltr'><strong>in</strong></span> <span class='ocrx_word' id='word_1_803' title='bbox 3285 4318 3482 4370; x_wconf 87' lang='lat' dir='ltr'><strong>auras,</strong></span> 
     </span>
    </p>
   </div>
   <div class='ocr_carea' id='block_1_103' title="bbox 1900 4371 3486 4462">
    <p class='ocr_par' dir='ltr' id='par_1_103' title="bbox 1900 4371 3486 4462">
     <span class='ocr_line' id='line_1_103' title="bbox 1900 4371 3486 4462; baseline 0.006 -24"><span class='ocrx_word' id='word_1_804' title='bbox 1900 4391 1994 4438; x_wconf 91' lang='lat' dir='ltr'><strong>aut</strong></span> <span class='ocrx_word' id='word_1_805' title='bbox 2011 4371 2174 4438; x_wconf 77' lang='lat' dir='ltr'><strong>exeat</strong></span> <span class='ocrx_word' id='word_1_806' title='bbox 2196 4384 2262 4439; x_wconf 88' lang='lat' dir='ltr'><strong>de</strong></span> <span class='ocrx_word' id='word_1_807' title='bbox 2290 4399 2517 4454; x_wconf 88' lang='lat' dir='ltr'><strong>corpore</strong></span> <span class='ocrx_word' id='word_1_808' title='bbox 2547 4399 2669 4439; x_wconf 84' lang='lat' dir='ltr'><strong>cum</strong></span> <span class='ocrx_word' id='word_1_809' title='bbox 2698 4387 2960 4457; x_wconf 86' lang='lat' dir='ltr'><strong>sanguine</strong></span> <span class='ocrx_word' id='word_1_810' title='bbox 2983 4428 2999 4454; x_wconf 93' lang='lat'><strong>,</strong></span> <span class='ocrx_word' id='word_1_811' title='bbox 3031 4397 3126 4444; x_wconf 92' lang='lat' dir='ltr'><strong>aut</strong></span> <span class='ocrx_word' id='word_1_812' title='bbox 3173 4405 3271 4459; x_wconf 89' lang='lat' dir='ltr'><strong>per</strong></span> <span class='ocrx_word' id='word_1_813' title='bbox 3320 4407 3486 4462; x_wconf 86' lang='lat' dir='ltr'><strong>poros</strong></span> 
     </span>
    </p>
   </div>
   <div class='ocr_carea' id='block_1_104' title="bbox 1899 4474 3489 4551">
    <p class='ocr_par' dir='ltr' id='par_1_104' title="bbox 1899 4474 3489 4551">
     <span class='ocr_line' id='line_1_104' title="bbox 1899 4474 3489 4551; baseline 0.005 -21"><span class='ocrx_word' id='word_1_814' title='bbox 1899 4475 2180 4530; x_wconf 89' lang='lat' dir='ltr'><strong>emittatur</strong></span> <span class='ocrx_word' id='word_1_815' title='bbox 2203 4515 2218 4541; x_wconf 92' lang='lat'><strong>,</strong></span> <span class='ocrx_word' id='word_1_816' title='bbox 2245 4474 2460 4532; x_wconf 89' lang='lat' dir='ltr'><strong>dicente</strong></span> <span class='ocrx_word' id='word_1_817' title='bbox 2489 4475 2720 4532; x_wconf 90' lang='lat' dir='ltr'><strong>Domino</strong></span> <span class='ocrx_word' id='word_1_818' title='bbox 2753 4495 2766 4530; x_wconf 93' lang='lat'><strong>:</strong></span> <span class='ocrx_word' id='word_1_819' title='bbox 2801 4475 2970 4533; x_wconf 84' lang='lat' dir='ltr'><strong>Omne</strong></span> <span class='ocrx_word' id='word_1_820' title='bbox 3001 4479 3142 4551; x_wconf 86' lang='lat' dir='ltr'><strong>quod</strong></span> <span class='ocrx_word' id='word_1_821' title='bbox 3164 4480 3326 4535; x_wconf 85' lang='lat' dir='ltr'><strong>intrat</strong></span> <span class='ocrx_word' id='word_1_822' title='bbox 3351 4481 3408 4537; x_wconf 90' lang='lat' dir='ltr'><strong>in</strong></span> <span class='ocrx_word' id='word_1_823' title='bbox 3431 4500 3489 4538; x_wconf 90' lang='lat' dir='ltr'><strong>os</strong></span> 
     </span>
    </p>
   </div>
   <div class='ocr_carea' id='block_1_105' title="bbox 1900 4564 3487 4644">
    <p class='ocr_par' dir='ltr' id='par_1_105' title="bbox 1900 4564 3487 4644">
     <span class='ocr_line' id='line_1_105' title="bbox 1900 4564 3487 4644; baseline 0.005 -25"><span class='ocrx_word' id='word_1_824' title='bbox 1900 4564 1956 4619; x_wconf 86' lang='lat' dir='ltr'><strong>in</strong></span> <span class='ocrx_word' id='word_1_825' title='bbox 2011 4575 2242 4620; x_wconf 81' lang='lat' dir='ltr'><strong>ventrem</strong></span> <span class='ocrx_word' id='word_1_826' title='bbox 2290 4566 2462 4630; x_wconf 83' lang='lat' dir='ltr'><strong>vadit,</strong></span> <span class='ocrx_word' id='word_1_827' title='bbox 2509 4574 2558 4620; x_wconf 87' lang='lat' dir='ltr'><strong>et</strong></span> <span class='ocrx_word' id='word_1_828' title='bbox 2601 4568 2658 4620; x_wconf 90' lang='lat' dir='ltr'><strong>in</strong></span> <span class='ocrx_word' id='word_1_829' title='bbox 2686 4585 2944 4622; x_wconf 84' lang='lat' dir='ltr'><strong>secessum</strong></span> <span class='ocrx_word' id='word_1_830' title='bbox 2974 4571 3232 4624; x_wconf 87' lang='lat' dir='ltr'><strong>emittitur</strong></span> <span class='ocrx_word' id='word_1_831' title='bbox 3269 4570 3487 4644; x_wconf 73' lang='lat' dir='ltr'><strong>(Matth.</strong></span> 
     </span>
    </p>
   </div>
   <div class='ocr_carea' id='block_1_106' title="bbox 1900 4656 3530 4730">
    <p class='ocr_par' dir='ltr' id='par_1_106' title="bbox 1900 4656 3530 4730">
     <span class='ocr_line' id='line_1_106' title="bbox 1900 4656 3530 4730; baseline 0.004 -18"><span class='ocrx_word' id='word_1_832' title='bbox 1900 4673 1992 4724; x_wconf 88' lang='lat' dir='ltr'><strong>xv,</strong></span> <span class='ocrx_word' id='word_1_833' title='bbox 2025 4656 2136 4730; x_wconf 82' lang='lat' dir='ltr'><strong>l7).</strong></span> <span class='ocrx_word' id='word_1_834' title='bbox 2165 4657 2281 4713; x_wconf 84' lang='lat' dir='ltr'><strong>doc</strong></span> <span class='ocrx_word' id='word_1_835' title='bbox 2326 4657 2500 4714; x_wconf 88' lang='lat' dir='ltr'><strong>solum</strong></span> <span class='ocrx_word' id='word_1_836' title='bbox 2533 4659 2834 4714; x_wconf 85' lang='lat' dir='ltr'><strong>cavendum</strong></span> <span class='ocrx_word' id='word_1_837' title='bbox 2878 4668 2964 4716; x_wconf 90' lang='lat' dir='ltr'><strong>est</strong></span> <span class='ocrx_word' id='word_1_838' title='bbox 2988 4701 3003 4726; x_wconf 91' lang='lat'><strong>,</strong></span> <span class='ocrx_word' id='word_1_839' title='bbox 3033 4676 3102 4716; x_wconf 89' lang='lat' dir='ltr'><strong>ne</strong></span> <span class='ocrx_word' id='word_1_840' title='bbox 3130 4659 3282 4717; x_wconf 68' lang='lat' dir='ltr'><strong>Judaa</strong></span> <span class='ocrx_word' id='word_1_841' title='bbox 3327 4665 3492 4719; x_wconf 90' lang='lat' dir='ltr'><strong>corde</strong></span> <span class='ocrx_word' id='word_1_842' title='bbox 3528 4692 3530 4694; x_wconf 62' lang='grc' dir='ltr'><strong><em>τ</em></strong></span> 
     </span>
    </p>
   </div>
   <div class='ocr_carea' id='block_1_107' title="bbox 1901 4751 3493 4821">
    <p class='ocr_par' dir='ltr' id='par_1_107' title="bbox 1901 4751 3493 4821">
     <span class='ocr_line' id='line_1_107' title="bbox 1901 4751 3493 4821; baseline 0.003 -15"><span class='ocrx_word' id='word_1_843' title='bbox 1901 4765 2112 4806; x_wconf 89' lang='lat' dir='ltr'><strong>sumam</strong></span> <span class='ocrx_word' id='word_1_844' title='bbox 2131 4751 2283 4818; x_wconf 89' lang='lat' dir='ltr'><strong>illud,</strong></span> <span class='ocrx_word' id='word_1_845' title='bbox 2309 4759 2365 4806; x_wconf 90' lang='lat' dir='ltr'><strong>et</strong></span> <span class='ocrx_word' id='word_1_846' title='bbox 2392 4765 2458 4806; x_wconf 90' lang='lat' dir='ltr'><strong>ne</strong></span> <span class='ocrx_word' id='word_1_847' title='bbox 2483 4753 2816 4821; x_wconf 90' lang='lat' dir='ltr'><strong>contemptui</strong></span> <span class='ocrx_word' id='word_1_848' title='bbox 2841 4753 3106 4807; x_wconf 88' lang='lat' dir='ltr'><strong>habeatur</strong></span> <span class='ocrx_word' id='word_1_849' title='bbox 3123 4793 3138 4819; x_wconf 92' lang='lat'><strong>,</strong></span> <span class='ocrx_word' id='word_1_850' title='bbox 3163 4755 3260 4808; x_wconf 85' lang='lat' dir='ltr'><strong>sed</strong></span> <span class='ocrx_word' id='word_1_851' title='bbox 3287 4754 3493 4810; x_wconf 87' lang='lat' dir='ltr'><strong>discer-</strong></span> 
     </span>
    </p>
   </div>
   <div class='ocr_carea' id='block_1_108' title="bbox 1901 4841 3094 4897">
    <p class='ocr_par' dir='ltr' id='par_1_108' title="bbox 1901 4841 3094 4897">
     <span class='ocr_line' id='line_1_108' title="bbox 1901 4841 3094 4897; baseline 0.001 -1"><span class='ocrx_word' id='word_1_852' title='bbox 1901 4852 2065 4897; x_wconf 90' lang='lat' dir='ltr'><strong>natur</strong></span> <span class='ocrx_word' id='word_1_853' title='bbox 2096 4841 2453 4897; x_wconf 90' lang='lat' dir='ltr'><strong>saluberrime</strong></span> <span class='ocrx_word' id='word_1_854' title='bbox 2479 4857 2510 4895; x_wconf 91' lang='lat' dir='ltr'><strong>a</strong></span> <span class='ocrx_word' id='word_1_855' title='bbox 2538 4843 2915 4896; x_wconf 83' lang='lat' dir='ltr'><strong>communibus</strong></span> <span class='ocrx_word' id='word_1_856' title='bbox 2939 4841 3094 4897; x_wconf 89' lang='lat' dir='ltr'><strong>cibis.</strong></span> 
     </span>
    </p>
   </div>
   <div class='ocr_carea' id='block_1_109' title="bbox 1975 4929 3491 5000">
    <p class='ocr_par' dir='ltr' id='par_1_109' title="bbox 1975 4929 3491 5000">
     <span class='ocr_line' id='line_1_109' title="bbox 1975 4929 3491 5000; baseline 0.005 -16"><span class='ocrx_word' id='word_1_857' title='bbox 1975 4931 2051 4985; x_wconf 92' lang='lat' dir='ltr'><strong>De</strong></span> <span class='ocrx_word' id='word_1_858' title='bbox 2105 4930 2274 4985; x_wconf 91' lang='lat' dir='ltr'><strong>altero</strong></span> <span class='ocrx_word' id='word_1_859' title='bbox 2315 4929 2459 4984; x_wconf 91' lang='lat' dir='ltr'><strong>unde</strong></span> <span class='ocrx_word' id='word_1_860' title='bbox 2497 4930 2824 5000; x_wconf 89' lang='lat' dir='ltr'><strong>redarguisti</strong></span> <span class='ocrx_word' id='word_1_861' title='bbox 2876 4939 3089 5000; x_wconf 91' lang='lat' dir='ltr'><strong>patrem</strong></span> <span class='ocrx_word' id='word_1_862' title='bbox 3119 4972 3135 4998; x_wconf 91' lang='lat'><strong>,</strong></span> <span class='ocrx_word' id='word_1_863' title='bbox 3180 4948 3290 4988; x_wconf 90' lang='lat' dir='ltr'><strong>non</strong></span> <span class='ocrx_word' id='word_1_864' title='bbox 3328 4935 3491 4992; x_wconf 90' lang='lat' dir='ltr'><strong>modo</strong></span> 
     </span>
    </p>
   </div>
   <div class='ocr_carea' id='block_1_110' title="bbox 1903 5020 3491 5092">
    <p class='ocr_par' dir='ltr' id='par_1_110' title="bbox 1903 5020 3491 5092">
     <span class='ocr_line' id='line_1_110' title="bbox 1903 5020 3491 5092; baseline 0.003 -15"><span class='ocrx_word' id='word_1_865' title='bbox 1903 5021 2207 5092; x_wconf 89' lang='lat' dir='ltr'><strong>respondeo</strong></span> <span class='ocrx_word' id='word_1_866' title='bbox 2235 5036 2336 5091; x_wconf 87' lang='lat' dir='ltr'><strong>per</strong></span> <span class='ocrx_word' id='word_1_867' title='bbox 2363 5020 2547 5075; x_wconf 89' lang='lat' dir='ltr'><strong>omnia</strong></span> <span class='ocrx_word' id='word_1_868' title='bbox 2579 5039 2592 5074; x_wconf 91' lang='lat'><strong>:</strong></span> <span class='ocrx_word' id='word_1_869' title='bbox 2624 5020 2766 5077; x_wconf 86' lang='lat' dir='ltr'><strong>forte</strong></span> <span class='ocrx_word' id='word_1_870' title='bbox 2803 5020 3013 5077; x_wconf 90' lang='lat' dir='ltr'><strong>dederit</strong></span> <span class='ocrx_word' id='word_1_871' title='bbox 3039 5021 3323 5091; x_wconf 91' lang='lat' dir='ltr'><strong>Dominus,</strong></span> <span class='ocrx_word' id='word_1_872' title='bbox 3352 5034 3412 5080; x_wconf 94' lang='lat' dir='ltr'><strong>ut</strong></span> <span class='ocrx_word' id='word_1_873' title='bbox 3438 5034 3491 5082; x_wconf 90' lang='lat' dir='ltr'><strong>te</strong></span> 
     </span>
    </p>
   </div>
   <div class='ocr_carea' id='block_1_111' title="bbox 1907 5111 3491 5187">
    <p class='ocr_par' dir='ltr' id='par_1_111' title="bbox 1907 5111 3491 5187">
     <span class='ocr_line' id='line_1_111' title="bbox 1907 5111 3491 5187; baseline 0.004 -19"><span class='ocrx_word' id='word_1_874' title='bbox 1907 5113 2199 5184; x_wconf 89' lang='lat' dir='ltr'><strong>aliquando</strong></span> <span class='ocrx_word' id='word_1_875' title='bbox 2235 5112 2418 5182; x_wconf 89' lang='lat' dir='ltr'><strong>aliquo</strong></span> <span class='ocrx_word' id='word_1_876' title='bbox 2449 5111 2610 5167; x_wconf 92' lang='lat' dir='ltr'><strong>modo</strong></span> <span class='ocrx_word' id='word_1_877' title='bbox 2639 5112 2816 5168; x_wconf 90' lang='lat' dir='ltr'><strong>adhuc</strong></span> <span class='ocrx_word' id='word_1_878' title='bbox 2848 5113 3085 5182; x_wconf 89' lang='lat' dir='ltr'><strong>videam,</strong></span> <span class='ocrx_word' id='word_1_879' title='bbox 3121 5124 3175 5170; x_wconf 90' lang='lat' dir='ltr'><strong>et</strong></span> <span class='ocrx_word' id='word_1_880' title='bbox 3202 5115 3394 5187; x_wconf 88' lang='lat' dir='ltr'><strong>loquar</strong></span> <span class='ocrx_word' id='word_1_881' title='bbox 3423 5117 3491 5174; x_wconf 91' lang='lat' dir='ltr'><strong>de</strong></span> 
     </span>
    </p>
   </div>
   <div class='ocr_carea' id='block_1_112' title="bbox 1906 5203 3492 5278">
    <p class='ocr_par' dir='ltr' id='par_1_112' title="bbox 1906 5203 3492 5278">
     <span class='ocr_line' id='line_1_112' title="bbox 1906 5203 3492 5278; baseline 0.003 -17"><span class='ocrx_word' id='word_1_882' title='bbox 1906 5221 1972 5262; x_wconf 90' lang='lat' dir='ltr'><strong>eo</strong></span> <span class='ocrx_word' id='word_1_883' title='bbox 2006 5220 2102 5260; x_wconf 91' lang='lat' dir='ltr'><strong>ore</strong></span> <span class='ocrx_word' id='word_1_884' title='bbox 2133 5203 2202 5258; x_wconf 88' lang='lat' dir='ltr'><strong>ad</strong></span> <span class='ocrx_word' id='word_1_885' title='bbox 2231 5219 2312 5259; x_wconf 89' lang='lat' dir='ltr'><strong>os.</strong></span> <span class='ocrx_word' id='word_1_886' title='bbox 2343 5203 2568 5259; x_wconf 85' lang='lat' dir='ltr'><strong>Interim</strong></span> <span class='ocrx_word' id='word_1_887' title='bbox 2599 5203 2721 5260; x_wconf 91' lang='lat' dir='ltr'><strong>dico</strong></span> <span class='ocrx_word' id='word_1_888' title='bbox 2746 5221 2759 5258; x_wconf 87' lang='lat'><strong>:</strong></span> <span class='ocrx_word' id='word_1_889' title='bbox 2791 5205 2908 5272; x_wconf 90' lang='lat' dir='ltr'><strong>Dic,</strong></span> <span class='ocrx_word' id='word_1_890' title='bbox 2947 5205 3044 5273; x_wconf 88' lang='lat' dir='ltr'><strong>ﬁli,</strong></span> <span class='ocrx_word' id='word_1_891' title='bbox 3080 5221 3249 5278; x_wconf 89' lang='lat' dir='ltr'><strong>quare</strong></span> <span class='ocrx_word' id='word_1_892' title='bbox 3270 5223 3378 5264; x_wconf 91' lang='lat' dir='ltr'><strong>non</strong></span> <span class='ocrx_word' id='word_1_893' title='bbox 3402 5224 3492 5265; x_wconf 86' lang='lat' dir='ltr'><strong>ce-</strong></span> 
     </span>
    </p>
   </div>
   <div class='ocr_carea' id='block_1_113' title="bbox 1908 5295 2997 5370">
    <p class='ocr_par' dir='ltr' id='par_1_113' title="bbox 1908 5295 2997 5370">
     <span class='ocr_line' id='line_1_113' title="bbox 1908 5295 2997 5370; baseline -0.002 -16"><span class='ocrx_word' id='word_1_894' title='bbox 1908 5297 2088 5354; x_wconf 89' lang='lat' dir='ltr'><strong>cinisti</strong></span> <span class='ocrx_word' id='word_1_895' title='bbox 2131 5296 2276 5370; x_wconf 87' lang='lat' dir='ltr'><strong>patri</strong></span> <span class='ocrx_word' id='word_1_896' title='bbox 2301 5303 2393 5352; x_wconf 91' lang='lat' dir='ltr'><strong>tuo</strong></span> <span class='ocrx_word' id='word_1_897' title='bbox 2414 5295 2782 5368; x_wconf 85' lang='lat' dir='ltr'><strong>.Virgilianum</strong></span> <span class='ocrx_word' id='word_1_898' title='bbox 2808 5296 2954 5353; x_wconf 90' lang='lat' dir='ltr'><strong>istud</strong></span> <span class='ocrx_word' id='word_1_899' title='bbox 2983 5314 2997 5352; x_wconf 90' lang='lat'><strong>:</strong></span> 
     </span>
    </p>
   </div>
   <div class='ocr_carea' id='block_1_114' title="bbox 2002 5452 3456 5520">
    <p class='ocr_par' dir='ltr' id='par_1_114' title="bbox 2002 5452 3456 5520">
     <span class='ocr_line' id='line_1_114' title="bbox 2002 5452 3456 5520; baseline 0.002 -14"><span class='ocrx_word' id='word_1_900' title='bbox 2002 5454 2248 5520; x_wconf 85' lang='lat' dir='ltr'><strong>Frigidus,</strong></span> <span class='ocrx_word' id='word_1_901' title='bbox 2271 5467 2301 5505; x_wconf 94' lang='lat' dir='ltr'><strong>o</strong></span> <span class='ocrx_word' id='word_1_902' title='bbox 2325 5455 2488 5519; x_wconf 88' lang='lat' dir='ltr'><strong>pueri,</strong></span> <span class='ocrx_word' id='word_1_903' title='bbox 2512 5452 2668 5517; x_wconf 87' lang='lat' dir='ltr'><strong>fugite</strong></span> <span class='ocrx_word' id='word_1_904' title='bbox 2693 5454 2805 5505; x_wconf 87' lang='lat' dir='ltr'><strong>hinc</strong></span> <span class='ocrx_word' id='word_1_905' title='bbox 2822 5491 2839 5516; x_wconf 93' lang='lat'><strong>,</strong></span> <span class='ocrx_word' id='word_1_906' title='bbox 2867 5453 2989 5506; x_wconf 89' lang='lat' dir='ltr'><strong>latet</strong></span> <span class='ocrx_word' id='word_1_907' title='bbox 3009 5457 3185 5518; x_wconf 80' lang='lat' dir='ltr'><strong>anguis</strong></span> <span class='ocrx_word' id='word_1_908' title='bbox 3207 5456 3258 5508; x_wconf 85' lang='lat' dir='ltr'><strong>in</strong></span> <span class='ocrx_word' id='word_1_909' title='bbox 3281 5457 3456 5509; x_wconf 77' lang='lat' dir='ltr'><strong>herba.</strong></span> 
     </span>
    </p>
   </div>
   <div class='ocr_carea' id='block_1_115' title="bbox 1911 5577 3488 5656">
    <p class='ocr_par' dir='ltr' id='par_1_115' title="bbox 1911 5577 3488 5656">
     <span class='ocr_line' id='line_1_115' title="bbox 1911 5577 3488 5656; baseline 0.003 -20"><span class='ocrx_word' id='word_1_910' title='bbox 1911 5579 2231 5652; x_wconf 69' lang='lat' dir='ltr'><strong>Praecipitur</strong></span> <span class='ocrx_word' id='word_1_911' title='bbox 2259 5579 2316 5634; x_wconf 90' lang='lat' dir='ltr'><strong>in</strong></span> <span class='ocrx_word' id='word_1_912' title='bbox 2346 5579 2646 5635; x_wconf 89' lang='lat' dir='ltr'><strong>canonibus</strong></span> <span class='ocrx_word' id='word_1_913' title='bbox 2670 5577 2826 5646; x_wconf 79' lang='lat' dir='ltr'><strong>(Can.</strong></span> <span class='ocrx_word' id='word_1_914' title='bbox 2852 5579 2885 5635; x_wconf 92' lang='lat'><strong>9</strong></span> <span class='ocrx_word' id='word_1_915' title='bbox 2911 5590 3104 5651; x_wconf 84' lang='lat' dir='ltr'><strong>apost.,</strong></span> <span class='ocrx_word' id='word_1_916' title='bbox 3135 5597 3202 5638; x_wconf 82' lang='lat' dir='ltr'><strong>ea:</strong></span> <span class='ocrx_word' id='word_1_917' title='bbox 3226 5582 3488 5656; x_wconf 84' lang='lat' dir='ltr'><strong>interpret.</strong></span> 
     </span>
    </p>
   </div>
   <div class='ocr_carea' id='block_1_116' title="bbox 1912 5669 3496 5747">
    <p class='ocr_par' dir='ltr' id='par_1_116' title="bbox 1912 5669 3496 5747">
     <span class='ocr_line' id='line_1_116' title="bbox 1912 5669 3496 5747; baseline 0.003 -18"><span class='ocrx_word' id='word_1_918' title='bbox 1912 5672 2154 5744; x_wconf 81' lang='lat' dir='ltr'><strong>Dionysii</strong></span> <span class='ocrx_word' id='word_1_919' title='bbox 2178 5669 2376 5744; x_wconf 74' lang='lat' dir='ltr'><strong>Exigui</strong></span> <span class='ocrx_word' id='word_1_920' title='bbox 2396 5688 2416 5737; x_wconf 89' lang='lat'><strong><em>;</em></strong></span> <span class='ocrx_word' id='word_1_921' title='bbox 2445 5670 2633 5725; x_wconf 85' lang='lat' dir='ltr'><strong>concil.</strong></span> <span class='ocrx_word' id='word_1_922' title='bbox 2662 5672 2906 5726; x_wconf 83' lang='lat' dir='ltr'><strong>Antioch.</strong></span> <span class='ocrx_word' id='word_1_923' title='bbox 2934 5688 2974 5739; x_wconf 86' lang='grc' dir='ltr'><strong>ι,</strong></span> <span class='ocrx_word' id='word_1_924' title='bbox 3003 5690 3120 5728; x_wconf 91' lang='lat' dir='ltr'><strong>can.</strong></span> <span class='ocrx_word' id='word_1_925' title='bbox 3143 5673 3200 5747; x_wconf 76' lang='grc'><strong>2)</strong></span> <span class='ocrx_word' id='word_1_926' title='bbox 3223 5683 3282 5730; x_wconf 89' lang='lat' dir='ltr'><strong>ut</strong></span> <span class='ocrx_word' id='word_1_927' title='bbox 3307 5691 3496 5734; x_wconf 89' lang='lat' dir='ltr'><strong>omnes</strong></span> 
     </span>
    </p>
   </div>
   <div class='ocr_carea' id='block_1_117' title="bbox 1913 5761 3494 5838">
    <p class='ocr_par' dir='ltr' id='par_1_117' title="bbox 1913 5761 3494 5838">
     <span class='ocr_line' id='line_1_117' title="bbox 1913 5761 3494 5838; baseline 0.003 -16"><span class='ocrx_word' id='word_1_928' title='bbox 1913 5763 2280 5836; x_wconf 88' lang='lat' dir='ltr'><strong>ingredientes</strong></span> <span class='ocrx_word' id='word_1_929' title='bbox 2321 5761 2610 5819; x_wconf 90' lang='lat' dir='ltr'><strong>ecclesiam</strong></span> <span class='ocrx_word' id='word_1_930' title='bbox 2659 5764 3097 5834; x_wconf 90' lang='lat' dir='ltr'><strong>communicent,</strong></span> <span class='ocrx_word' id='word_1_931' title='bbox 3138 5768 3281 5838; x_wconf 92' lang='lat' dir='ltr'><strong>quod</strong></span> <span class='ocrx_word' id='word_1_932' title='bbox 3310 5769 3357 5824; x_wconf 91' lang='lat' dir='ltr'><strong>si</strong></span> <span class='ocrx_word' id='word_1_933' title='bbox 3385 5785 3494 5826; x_wconf 89' lang='lat' dir='ltr'><strong>non</strong></span> 
     </span>
    </p>
   </div>
   <div class='ocr_carea' id='block_1_118' title="bbox 1914 5855 3494 5932">
    <p class='ocr_par' dir='ltr' id='par_1_118' title="bbox 1914 5855 3494 5932">
     <span class='ocr_line' id='line_1_118' title="bbox 1914 5855 3494 5932; baseline 0 -15"><span class='ocrx_word' id='word_1_934' title='bbox 1914 5855 2467 5926; x_wconf 88' lang='lat' dir='ltr'><strong>communicaverint,</strong></span> <span class='ocrx_word' id='word_1_935' title='bbox 2499 5855 2683 5916; x_wconf 88' lang='lat' dir='ltr'><strong>dicant</strong></span> <span class='ocrx_word' id='word_1_936' title='bbox 2713 5870 2934 5916; x_wconf 88' lang='lat' dir='ltr'><strong>causam</strong></span> <span class='ocrx_word' id='word_1_937' title='bbox 2974 5873 3145 5932; x_wconf 86' lang='lat' dir='ltr'><strong>quare</strong></span> <span class='ocrx_word' id='word_1_938' title='bbox 3188 5875 3298 5919; x_wconf 90' lang='lat' dir='ltr'><strong>non</strong></span> <span class='ocrx_word' id='word_1_939' title='bbox 3347 5876 3494 5918; x_wconf 91' lang='lat' dir='ltr'><strong>com-</strong></span> 
     </span>
    </p>
   </div>
  </div>
