4000 6558
846 311 914 323 v“

545 384 699 465 περ

552 604 679 673 illis,
710 604 796 663 sin
826 612 1009 665 autem
1033 644 1049 671 ,
1076 600 1639 661 excommunicentur.
1667 600 1917 673 Comperi
1948 609 2001 659 te
2029 618 2129 665 an.

548 699 769 757 cboram
795 696 995 753 mentis
1023 704 1127 752 tua:
1153 693 1336 753 ﬁxisse
1363 693 1416 751 in
1438 693 1629 766 pelago
1648 702 1833 751 etnon
1855 694 1911 751 in
1934 704 2127 766 portu;

550 790 718 851 ﬁxisti
762 789 913 849 illam
938 788 995 846 in
1023 785 1305 844 Gennadio
1336 784 1655 845 Massiliensi
1684 787 1958 858 episcopo.
1993 787 2132 847 Hor.

552 894 640 946 tor
664 891 723 939 ut
746 882 928 955 potius
960 879 1093 951 ﬁgas
1120 878 1269 937 illam
1304 878 1541 951 in‘portu
1569 878 1843 935 tutissimo
1882 879 2132 951 Augusti—

551 992 647 1042 no,
681 974 892 1032 scilicet
931 969 1221 1028 testiﬁcata
1240 985 1339 1043 per
1362 969 1648 1027 universas
1677 969 1959 1026 ecclesias.
1994 969 2132 1027 Hor-

552 1075 699 1127 tatus
733 1075 818 1125 est
852 1072 905 1121 te
934 1063 1250 1121 Gennadius
1290 1070 1349 1119 ut
1377 1061 1651 1135 praecipue
1685 1078 1785 1134 per
1805 1061 1922 1121 dies
1949 1061 2133 1121 Domi-

551 1160 705 1216 nicos
733 1156 1099 1217 communices
1127 1173 1142 1211 ε
1166 1153 1308 1214 forte
1337 1169 1445 1213 non
1474 1162 1595 1210 erat
1622 1155 1956 1213 consuetudo
1989 1155 2132 1215 illius

550 1260 612 1311 ut
643 1267 743 1323 per
795 1249 1037 1321 singulos
1078 1249 1196 1311 dies
1236 1248 1457 1307 missam
1498 1247 1818 1307 celebraret.
1873 1248 1930 1305 Si
1986 1249 2132 1307 enim

551 1350 718 1409 esset,
748 1358 856 1400 non
881 1342 1198 1401 hortaretur
1225 1355 1324 1413 per
1350 1339 1496 1397 solos
1530 1340 1842 1399 Dominicos
1884 1341 2000 1401 dics
2030 1357 2131 1412 po—

550 1433 823 1493 tissimum
883 1433 1291 1493 communicare
1365 1450 1380 1486 :
1453 1431 1767 1491 Graecorum
1828 1432 2131 1503 aliquorum

551 1526 995 1601 presbyterorum
1040 1523 1372 1581 consuetudo
1404 1532 1510 1590 est,
1537 1532 1598 1579 ut
1625 1539 1657 1580 a
1687 1524 1875 1597 quinta
1913 1523 2050 1581 feria
2075 1539 2134 1583 se

551 1625 862 1691 prmparent
885 1626 943 1673 et
968 1616 1311 1675 sanctiﬁcent
1336 1616 1404 1672 ad
1436 1616 1661 1673 missam
1705 1616 2087 1679 celebrandam
2114 1634 2130 1685 ;

551 1715 734 1781 potest
752 1707 971 1763 evenire
993 1715 1054 1763 ut
1078 1707 1133 1762 in
1160 1708 1319 1765 tertia
1332 1705 1470 1763 feria
1497 1707 1612 1763 sive
1634 1716 1824 1778 quarta
1850 1717 2134 1779 peccatum

530 1799 978 1881 committamus,
1004 1801 1147 1875 quod
1165 1815 1274 1856 non
1297 1800 1548 1859 abluatur
1566 1816 1739 1874 usque
1766 1809 1889 1873 post
1921 1801 2135 1859 ﬁnitum

1392 387 1729 447 AMALAth
1767 387 2204 451 PRESBYTERI
2241 384 2584 450 IETENSIS
2615 387 2996 446 EPISTOLIE.

548 512 871 580 municeut,
908 513 966 571 et
1007 505 1057 571 si
1094 505 1436 567 rationabilis
1464 507 1757 573 exstiterit,
1784 507 2127 579 indulgeatut‘
2154 510 2207 577 Δ

3680 382 3817 446 ιδω

2538 507 2618 567 De
2644 505 3003 567 observatione
3034 486 3491 575 Quadragesim

2299 621 2630 680 nCamdus
2672 635 2893 694 quoqu
2936 625 3028 675 est
3082 632 3215 675 usus
3264 615 3596 675 reticulum.
3638 615 3819 675 Solent

2227 716 2378 772 enim
2404 715 2588 785 plures
2614 714 2711 783 qui
2734 708 3069 782 sejejum
3090 716 3311 779 putant,
3343 723 3477 767 mox
3502 716 3570 765 ut
3604 709 3821 779 signa

2229 810 2503 866 audierint
2531 809 2601 864 ad
2628 809 2821 863 horam
2846 814 3047 863 nata.
3064 801 3399 862 laudauero
3424 818 3443 866 ;
3464 801 3572 877 qui
3596 801 3823 859 ullate-

2226 916 2334 957 nus
2354 899 2628 972 jejunasse
2650 896 2910 957 credendi
2937 903 3068 963 sunt
3084 934 3105 961 .
3130 895 3180 955 Ii
3201 903 3329 955 ante
3366 894 3821 953 mod-mavelit

2225 1009 2394 1065 ιιιιιω
2428 993 2801 1064 meper-tinum,
2835 990 3144 1049 celebretur
3189 987 3446 1048 om.
3472 987 3824 1046 Concurru-

2226 1087 2360 1142 dum
2394 1086 2653 1142 enimest
2684 1085 2753 1140 ad
2794 1083 3110 1149 lienus:
3144 1090 3335 1153 postea
3379 1082 3596 1141 auditis
3638 1084 3825 1139 lissa-

2228 1201 2354 1242 rum
2375 1183 2653 1239 solemniis
2675 1224 2691 1249 ,
2718 1181 2833 1238 sive
2854 1179 3166 1251 vespertino
3188 1176 3395 1243 omnia,
3435 1177 3667 1249 las-gitis
3684 1179 3827 1247 si.

2232 1275 2623 1347 eleemosynis,
2675 1274 2745 1329 ad
2792 1273 2973 1329 cibum
3025 1266 3401 1326 accedentiu-
3444 1276 3557 1325 est.
3605 1266 3671 1325 Si
3710 1282 3828 1325 uero

2234 1364 2414 1438 aliqua
2464 1366 2793 1422 necessitate
2844 1363 3177 1421 constrictus
3241 1362 3364 1433 quis
3400 1360 3632 1425 fuerit,
3674 1371 3737 1415 It
3766 1359 3825 1414 al

2233 1460 2456 1515 missam
2477 1457 2662 1512 venire
2684 1471 2794 1512 non
2821 1455 3022 1521 valeat,
3046 1453 3322 1511 item
3357 1452 3689 1521 ventorum
3708 1451 3825 1507 hora

2235 1561 2291 1608 et
2314 1552 2580 1623 completa
2609 1550 2856 1606 oratione
2884 1565 3004 1623 sua,
3029 1548 3297 1621 jejunium
3326 1547 3553 1605 solvere
3580 1547 3762 1603 om.

2313 1645 2604 1703 Sciendum
2633 1660 2848 1716 quoque
2870 1653 2978 1710 est,
3010 1644 3159 1715 quod
3179 1643 3236 1698 in
3259 1642 3501 1714 singulis
3525 1640 3724 1696 ω..
3741 1640 3831 1695 De-

2236 1741 2452 1797 minicis
2488 1742 2548 1796 in
2570 1738 2994 1811 Quadragesima
3023 1748 3224 1810 prater
3254 1736 3362 1792 bos
3400 1736 3503 1806 qui
3526 1749 3831 1791 exeam-I-

2239 1831 2405 1887 nicati
2432 1838 2579 1897 sunt,
2606 1837 2950 1888 sacramenta
2974 1828 3299 1900 corporiset
3318 1827 3622 1898 sanguinis
3641 1824 3830 1880 Clarii

554 1894 700 1951 diem
740 1893 1104 1951 Dominicum.
1139 1891 1479 1969 Quapropter
1503 1908 1612 1950 non
1636 1895 1740 1949 rite
1760 1896 2135 1955 communica-
2163 1875 2212 1939 Β
3322 1875 3833 1983 ξ-ᾆῦίῖᾶπιῖίοῖ

554 2000 674 2040 mus
702 2000 801 2056 per
830 1985 1073 2055 singulos
1103 1983 1219 2043 dies
1249 1986 1560 2043 Dominicos
1589 2004 1602 2041 :
1642 1997 1699 2044 et
1726 1995 1903 2059 potest
1935 1987 2054 2049 ﬁeri
2080 1995 2141 2045 ut

557 2075 666 2131 Deo
698 2073 1011 2143 placeamus
1050 2088 1149 2149 per
1172 2075 1413 2145 singulos
1435 2076 1550 2134 dies
1575 2078 1736 2139 unius
1766 2080 2136 2149 hebdomadis,

558 2165 612 2222 in
649 2166 846 2238 quibus
872 2173 1092 2238 gustare
1130 2174 1187 2223 et
1208 2166 1394 2225 videre
1430 2166 1514 2227 t‘as
1552 2176 1641 2227 est
1671 2185 1839 2240 quam
1866 2171 2040 2231 dulcis
2068 2174 2141 2234 sit

558 2257 838 2315 Dominus.
862 2257 905 2313 A
934 2265 1045 2313 tam
1071 2255 1265 2315 dilecto
1297 2256 1507 2329 hospite
1530 2273 1639 2315 non
1662 2268 1877 2333 oportet
1916 2261 2143 2321 dilecto-

557 2364 649 2403 res
684 2349 775 2404 diu
803 2349 1018 2417 abesse,
1057 2363 1218 2420 quem
1254 2348 1631 2418 compulerunt
1666 2366 1848 2406 secum
1876 2352 2141 2425 hospitari

557 2440 614 2495 in
643 2439 729 2496 die
752 2441 1170 2505 resurrectionis
1193 2438 1311 2513 ejus
1345 2442 1451 2499 duo
1485 2458 1554 2501 ex
1598 2443 1880 2518 discipulis
1921 2446 1979 2503 in
2016 2446 2143 2507 Etu-

558 2548 734 2591 ntaus.

634 2624 801 2698 Fuge,
831 2624 906 2681 ﬁli
935 2626 1032 2692 mi,
1057 2641 1087 2680 a
1114 2626 1310 2698 pelago
1338 2626 1407 2680 ad
1433 2633 1607 2681 tutum
1636 2634 1854 2698 portum
1896 2627 2147 2701 Augusti-

557 2732 712 2785 num,
739 2718 853 2790 ipse
868 2719 1014 2777 enim
1036 2718 1136 2777 tibi
1161 2719 1293 2775 dicit
1320 2718 1388 2774 ad
1413 2716 1730 2777 Ianuarium
1750 2718 1948 2791 (Epist.
1968 2718 2092 2790 118)
2128 2737 2141 2773 :

564 2828 584 2869 ι
622 2810 845 2869 Rectius
880 2810 1025 2869 inter
1051 2826 1145 2867 eos
1188 2811 1420 2869 fortasse
1445 2811 1713 2883 quispiam
1736 2811 1945 2867 dirimit
1968 2811 2142 2879 litem,

559 2904 652 2975 qui
686 2914 872 2965 monet
916 2913 977 2961 ut
1021 2905 1075 2961 in
1122 2904 1324 2961 Christi
1381 2920 1517 2976 pace
1569 2913 1907 2975 permaneat.
1954 2904 2149 2963 Faciat

562 2998 932 3071 unusquisque
963 2999 1105 3073 quod
1134 2998 1430 3057 secundum
1468 3014 1624 3055 suam
1663 2998 1824 3055 ﬁdem
1851 3000 1941 3071 pie
1974 2999 2151 3056 credit

560 3088 865 3147 faciendum
892 3104 1057 3147 esse:
1086 3099 1279 3149 neuter
1302 3105 1491 3146 eorum
1538 3092 1829 3147 exhorreat
1857 3107 2055 3162 corpus
2090 3099 2151 3147 et

561 3181 878 3253 sanguinem
916 3181 1150 3248 Domini,
1185 3182 1279 3241 sed
1301 3180 1719 3237 saluberrimum
1736 3192 2144 3238 sacramentum

561 3274 811 3333 certatim
848 3275 1119 3333 honorare
1167 3274 1538 3330 contendant:
1569 3288 1746 3346 neque
1780 3276 1926 3330 enim
1959 3276 2139 3347 litiga-

559 3376 758 3429 verunt
790 3368 933 3425 inter
960 3382 1021 3425 se
1045 3406 1060 3434 ,
1093 3374 1187 3422 aut
1210 3368 1499 3439 quisquam
1524 3382 1712 3425 eorum
1738 3384 1796 3427 se
1825 3368 1981 3426 alteri
2005 3385 2143 3441 prte-

559 3460 741 3535 posuit
772 3460 1032 3521 Zachzeus
1072 3468 1127 3517 et
1158 3459 1249 3516 ille
1292 3460 1539 3517 centurio
1563 3502 1579 3527 ,
1607 3477 1732 3517 cum
1775 3462 1916 3518 alter
1955 3479 2145 3523 eorum

561 3552 802 3625 gaudens
830 3551 884 3609 in
914 3551 1132 3609 domum
1176 3567 1329 3607 suam
1364 3553 1601 3623 suscepit
1646 3552 1934 3610 Dominum
1959 3596 1974 3620 ,
2007 3555 2148 3610 alter

562 3642 758 3703 dixerit
790 3660 805 3699 :
840 3639 966 3698 Non
989 3658 1106 3699 sum
1143 3642 1334 3716 dignus
1365 3653 1423 3700 ut
1448 3645 1611 3699 intres
1635 3644 1729 3701 sub
1753 3654 1944 3700 tectum
1970 3661 2144 3705 meum

562 3735 717 3809 (Luc.
745 3749 862 3803 xtx,
889 3733 957 3800 5;
989 3733 1179 3791 Matth.
1212 3751 1329 3801 vut,
1357 3734 1435 3807 8).
1460 3734 1561 3789 Fili
1587 3735 1682 3800 mi,
1712 3736 1758 3791 si
1786 3745 1838 3792 te
1864 3738 2145 3808 cognoscis

560 3834 903 3899 peccatorem
921 3866 938 3893 ,
960 3834 1174 3901 oportet
1200 3832 1258 3881 ut
1287 3841 1318 3881 a
1346 3834 1398 3882 te
1418 3841 1527 3882 non
1552 3826 1779 3897 repellas
1816 3828 2100 3884 Dominum
2126 3869 2143 3897 ,

563 3921 660 3979 sed
683 3919 817 3977 satis
838 3919 890 3974 ei
913 3918 998 3977 fac
1023 3933 1122 3991 per
1149 3919 1523 3988 paenitentiam
1548 3957 1564 3985 ,
1607 3927 1662 3975 et
1688 3920 1742 3974 in
1783 3918 1979 3989 spiritu
2020 3934 2149 3981 con-

564 3994 784 4073 trito'et
806 4010 1094 4071 humiliato
1125 4010 1343 4082 suscipe
1384 4010 1573 4077 illum;
1603 4010 1650 4070 si
1681 4010 1864 4081 justus
1896 4026 1988 4077 es,
2016 4026 2148 4081 gau-

562 4104 698 4165 dens
737 4102 952 4177 suscipe
996 4101 1185 4170 illum;
1237 4102 1285 4157 si
1325 4100 1610 4170 inﬁrmus,
1660 4117 1886 4173 precare
1938 4103 2008 4159 ab
2053 4103 2147 4158 illo

562 4196 877 4263 sanitatem.
906 4203 964 4255 et
998 4195 1131 4255 cade
1176 4194 1233 4255 in
1260 4193 1459 4253 faciem
1492 4201 1617 4253 ante
1643 4196 1806 4267 pedes
1831 4195 1975 4265 ejus,
2007 4195 2149 4250 sicut

563 4304 706 4349 unus
733 4289 799 4347 de
841 4289 1026 4347 decem
1068 4287 1298 4363 leprosis
1338 4287 1544 4360 gratias
1576 4304 1676 4360 age
1699 4329 1713 4354 ,
1744 4297 1804 4345 ut
1831 4289 1976 4345 dicat
2004 4287 2099 4344 tibi
2131 4306 2144 4343 :

565 4380 739 4453 Surge
760 4390 814 4443 et
848 4380 999 4449 uade,
1039 4380 1166 4454 quia
1191 4379 1324 4452 ﬁdes
1351 4388 1444 4435 tua
1490 4387 1541 4437 te
1571 4380 1776 4441 salvum
1816 4380 1940 4451 fecit
1969 4379 2149 4453 (Luae

565 4488 680 4541 xvr,
705 4473 816 4545 19).
845 4471 916 4533 Et
952 4488 1023 4533 ne
1074 4471 1294 4535 ditleras
1324 4472 1396 4530 de
1418 4472 1511 4535 die
1540 4472 1596 4531 in
1622 4472 1767 4533 diem
1796 4473 2039 4529 converti
2079 4472 2148 4528 ad

2236 2014 2396 2079 mini,
2437 2022 2494 2068 et
2520 2012 2577 2067 in
2611 2012 2810 2083 vigiliis
2839 2011 3085 2077 Pascha,
3108 2018 3165 2065 et
3185 2010 3248 2069 in
3268 2009 3365 2067 die
3394 2006 3835 2064 W

2239 2106 2455 2163 Domini
2480 2106 2700 2177 penitus
2737 2106 2808 2161 ab
2834 2106 3088 2165 omnibus
3132 2103 3388 2160 ﬁdelibus
3427 2101 3837 2158 cerimonias-

2239 2198 2369 2254 dum
2396 2205 2481 2263 est
2510 2217 2522 2253 :
2552 2207 2612 2254 et
2640 2198 2745 2269 ipsi
2793 2197 2910 2257 dies
2956 2196 3233 2253 Paschalis
3260 2195 3640 2251 hebdomade
3660 2209 3834 2251 omnes

2240 2292 2437 2363 aequali
2466 2291 2728 2362 religione
2748 2291 2961 2347 colendi
2983 2299 3129 2346 sunt.
3148 2288 3550 2363 Admouendus
3568 2297 3663 2343 est
3692 2288 3837 2357 igitur

2242 2385 2475 2457 populus
2494 2392 2555 2440 ut
2572 2386 2640 2439 ad
2654 2392 3061 2442 sacrosaan
3084 2394 3498 2439 sacramentum
3518 2384 3777 2454 corporis
3790 2390 3837 2437 et

2243 2476 2527 2547 sanguinis
2548 2477 2764 2531 Domini
2793 2490 3138 2546 nequaquam
3161 2474 3559 2530 indiﬁ'erenter
3583 2474 3804 2530 accedat
3821 2512 3838 2539 ,

2244 2584 2348 2624 nec
2373 2568 2443 2623 ab
2474 2570 2579 2624 hoc
2614 2568 2848 2624 nimium
2880 2567 3184 2632 abstineat,
3230 2567 3329 2622 sed
3371 2582 3507 2622 cum
3543 2567 3701 2621 omni
3740 2566 3841 2621 dii-

2244 2663 2430 2735 gentia
2476 2669 2638 2732 atque
2682 2661 2976 2733 prudentia
3030 2660 3200 2731 eligat
3243 2667 3467 2728 tempus
3512 2659 3742 2729 quando
3784 2657 3842 2710 ab

2245 2769 2413 2823 opere
2460 2751 2731 2825 coniugali
2759 2752 3036 2811 abstineat
3060 2793 3075 2818 ,
3110 2760 3171 2806 et
3191 2752 3349 2807 vitiis
3382 2761 3617 2822 purget,
3654 2760 3715 2805 et
3744 2752 3842 2804 rip

2244 2847 2454 2902 tutibus
2483 2854 2740 2911 exornet,
2766 2844 3133 2916 eleemosynis
3150 2853 3210 2899 et
3230 2844 3594 2901 orationibus
3620 2844 3841 2908 insistat,

2247 2946 2304 2995 et
2327 2938 2409 2994 sic
2426 2938 2496 2995 ad
2522 2946 2733 2993 tantum
2760 2944 3167 2996 sacramentum
3195 2937 3449 2992 accedat.

2798 3072 3136 3135 EPISTOLA
3176 3071 3287 3128 VII.

2662 3183 2731 3225 ΔΙ)
2769 3181 2854 3227 ΕΡΙ
2861 3180 3061 3222 SCOPUI
3096 3179 3417 3223 ΔΝΟΗΥΙΠΙ.

2323 3278 2590 3335 Sufﬁcere
2635 3277 2855 3347 quidem
2919 3277 3193 3332 credimus
3248 3276 3383 3331 ﬁdei
3420 3284 3533 3331 tua
3582 3276 3840 3345 quoniam

2244 3373 2449 3443 quatris
2465 3372 2517 3429 in
2533 3367 2893 3429 ChristoJesu
2914 3385 2980 3429 ac
2994 3367 3358 3427 saceniotalis
3373 3368 3625 3424 nominis
3646 3379 3839 3423 arctam

2248 3464 2346 3521 tibi
2382 3470 2440 3521 et
2464 3469 2751 3535 angustam
2800 3460 3186 3519 intellellectus
3212 3459 3363 3515 viam
3403 3459 3463 3517 in
3510 3459 3841 3516 Bominore-

2248 3556 2423 3613 serari
2469 3554 2647 3627 :quia
2698 3553 3133 3627 praesidentibus
3190 3551 3453 3619 meritis,
3516 3568 3587 3607 ac
3641 3553 3838 3607 virtutis

2249 3646 2551 3718 insignibus
2580 3645 2646 3705 ad
2673 3644 2915 3703 ofﬁcium
2938 3660 2971 3700 a
3008 3643 3236 3705 Domino
3267 3643 3486 3700 electus
3518 3660 3613 3707 es.
3640 3644 3765 3699 licet
3787 3646 3833 3697 ia

2251 3739 2444 3797 multis
2474 3741 2648 3810 gratia
2682 3736 2888 3796 Christi
2921 3735 2978 3792 in
3012 3737 3093 3795 eis
3128 3737 3389 3809 operibus
3436 3737 3839 3808 comprobem,

2250 3838 2305 3889 et
2330 3837 2579 3888 cessante
2615 3829 2813 3887 merito
2840 3828 3276 3887 conversationis
3310 3843 3382 3885 ac
3426 3829 3588 3895 vita,
3612 3830 3729 3887 sola
3758 3829 3840 3886 Bri

2251 3924 2392 3981 dona
2439 3920 2772 3981 fructiﬁoent
2797 3938 2810 3974 :
2838 3929 3021 3979 tamen
3058 3921 3184 3993 quia
3213 3928 3273 3977 tu
3303 3936 3423 3995 pra:
3457 3921 3687 3978 caeteris
3730 3922 3839 3977 dite

2251 4025 2375 4074 ctus
2420 4030 2452 4070 a
2504 4014 2735 4077 Domino
2778 4013 3192 4086 comprobaris.
3243 4012 3376 4082 quia
3407 4022 3469 4068 et
3494 4014 3639 4085 legis
3690 4027 3839 4084 opera

2252 4104 2554 4177 complesti,
2602 4112 2659 4161 et
2702 4103 3061 4161 commoraris
3090 4102 3147 4161 in
3179 4102 3355 4175 gratia
3394 4118 3581 4176 usque
3621 4104 3691 4159 ad
3722 4103 3840 4159 cmi-

2253 4204 2475 4253 nentem
2517 4196 2760 4256 scientiae
2800 4196 3122 4254 cbaritatem
3152 4195 3498 4253 intellectum
3548 4198 3647 4252 Dei
3675 4209 3841 4253 tcum

2254 4288 2652 4361 colloquentem
2675 4287 2925 4353 festinas,
2946 4294 3003 4344 et
3028 4286 3393 4345 existentibus
3424 4288 3845 4358 cogitationum

2255 4381 2558 4457 insignibus
2586 4381 2690 4439 hoc
2740 4380 2823 4437 vis
2860 4394 3021 4439 nosse
3045 4379 3192 4451 quod
3214 4376 3397 4437 factus
3418 4393 3483 4434 es
3508 4395 3526 4434 :
3554 4380 3722 4435 totius
3753 4377 3840 4432 tibi

2253 4474 2514 4533 Ecclesiae
2540 4480 2702 4545 prout
2728 4472 2998 4547 praecipit,
3030 4480 3374 4529 sacramenta
3425 4471 3731 4533 reserabit,
3762 4486 3841 4527 οτ-

565 4567 740 4633 illum.
767 4567 895 4637 quia
928 4582 1250 4638 quocunque
1295 4567 1385 4625 die
1438 4582 1731 4627 conversus
1766 4567 2098 4639 ingemueris
2129 4606 2144 4633 ,
2173 4594 2230 4657 Ι)
2253 4568 2437 4627 dinem
2478 4567 2768 4639 locumque
2794 4568 3107 4627 custodiens
3130 4608 3147 4635 ,
3194 4575 3255 4627 et
3291 4567 3426 4640 quid
3462 4566 3708 4637 qualiter
3754 4567 3846 4622 ob-

566 4661 751 4723 salrus
770 4664 897 4721 erit.
915 4658 1082 4723 Juxta
1104 4660 1489 4730 Augustinum.
1519 4661 1736 4730 quando
1771 4660 1982 4721 videbis
2000 4660 2151 4732 pium
2265 4675 2486 4717 servare
2531 4660 2728 4719 debeas
2761 4661 2996 4730 docens,
3031 4662 3078 4719 si
3118 4662 3281 4721 modo
3310 4662 3385 4718 ad
3429 4661 3691 4733 iniuriam
3742 4676 3845 4716 nos

568 4755 825 4817 aﬁ'eotutn
866 4769 991 4813 esse
1038 4753 1093 4813 in
1137 4759 1214 4819 te,
1244 4767 1402 4813 sume
1426 4767 1626 4823 corpus
1648 4752 1900 4817 Domini,
1955 4761 2014 4808 ut
2051 4752 2150 4808 tibi

567 4850 735 4905 vitam
783 4848 1170 4918 sempiternam
1208 4853 1449 4917 pmtet.
1479 4844 1598 4903 Noli
1633 4845 1854 4903 differre
1894 4846 1962 4903 ad
2003 4847 2150 4905 diem

569 4939 937 5004 Dominicum,
965 4938 1094 5009 quia
1116 4937 1297 4997 nescis
1326 4938 1375 4995 si
1398 4938 1684 5009 contingas
1708 4937 1877 4995 illum.

640 5091 667 5121 ι
704 5076 797 5139 Sic
820 5076 979 5132 ﬁnem
1010 5074 1238 5148 imponit
1275 5073 1369 5134 lib.
1401 5073 1722 5132 ntAmalar.
1766 5073 1821 5128 in
1848 5086 1952 5128 ms.
1987 5072 2106 5129 cod.

2253 4767 2478 4811 revoces
2505 4752 2704 4809 novelli
2748 4753 3144 4813 exhortationis
3181 4753 3517 4811 industriam
3542 4794 3563 4819 ,
3590 4769 3658 4808 ac
3681 4762 3739 4808 te
3756 4767 3846 4824 pn-

2254 4844 2379 4903 deat
2428 4844 2753 4916 paulumper
2809 4846 3079 4905 minorem
3137 4860 3294 4913 esse,
3362 4860 3495 4905 cum
3544 4845 3687 4901 dicis
3726 4842 3850 4916 φ

2255 4938 2496 5009 sepulto
2528 4946 2590 4997 ut
2623 4939 2748 4999 vilis
2767 4938 3111 5056 privilfcium
3138 4939 3427 5018 dignitatis
3454 4940 3655 5001 babes.
